2392 4016
335 172 392 218 34
1039 172 1259 222 Imperium
1292 173 1551 212 Graecorum.

337 364 618 420 Paropamiso
649 364 788 413 hieme
819 364 1040 425 multoque
1072 377 1170 415 cum
1201 364 1348 417 labore
1381 366 1583 419 superato
1603 363 1762 411 Bactra
1781 364 1928 417 intrat,

396 424 535 466 Oxum
568 436 737 466 amnem
767 420 942 476 traiicit,
975 423 1160 467 Bessum
1192 423 1409 479 proditum
1432 422 1562 478 capit,
1595 423 1782 478 Scythas
1805 423 1930 479 pellit

397 487 440 525 et
469 482 738 525 Maracandis
770 483 816 525 in
847 486 1107 551 potestatem
1137 483 1327 527 redactis
1359 494 1497 537 usque
1529 482 1583 524 ad
1613 482 1842 534 Iaxartem,
1875 483 1927 524 ab

395 542 475 584 hac
510 543 633 597 parte
664 540 794 584 finem
824 542 962 598 regni,
994 541 1193 597 procedit

336 600 429 643 Nec
460 600 664 642 hiematio
695 601 852 656 quietav
870 603 1047 656 propter
1078 601 1252 644 crebras
1283 598 1557 643 rebelliones.
1621 598 1725 645 Cliti
1756 599 1925 642 caedes.

338 659 450 709 ‚Velle
483 658 693 715 Sogdiani
722 662 945 714 pacantur,
985 671 1217 715 eorumque
1249 661 1396 714 petrae
1429 658 1657 714 capiuntur

337 717 404 761 Ibi
439 718 552 760 inter
593 718 779 773 pignora
813 717 1039 761 rebellium
1071 717 1276 773 Oxyartis
1309 717 1475 760 Bactrii
1510 715 1601 759 filia
1631 716 1806 759 Roxane
1835 715 1929 772 pul-

397 775 639 821 chritudine
678 777 795 832 regis
828 777 1018 819 animum
1049 777 1110 819 ita
1141 776 1288 828 movit,
1320 779 1368 818 ut
1399 788 1493 818 eam
1525 776 1608 818 rite
1641 787 1820 818 uxorem
1853 775 1929 817 du-

396 837 527 877 ceret.

336 894 506 937 Bactris
539 893 690 948 copiae
721 896 1041 949 congregantur
1071 893 1127 936 ad
1155 893 1477 949 expeditionem
1498 892 1710 935 Indicam:
1743 893 1804 935 ibi
1825 905 1929 947 pue-

393 964 539 1054 ffium
559 951 777 1051 iffgtiorum
799 953 1038 1052 cpissimffiio
1060 951 1131 1052 fitl'2
1143 953 1215 994 cui
1234 952 1481 1020 implicatur
1507 952 1775 1053 Callitsthenes
1796 951 1928 1007 Olyn-

461 1023 512 1052 us
543 1023 566 1052 r
596 1022 618 1051 e
641 1021 709 1051 or:
743 1022 816 1052 aes
839 1023 864 1051 a
885 1023 908 1052 e
997 1023 1064 1052 ex.
1135 1023 1208 1053 aro
1242 1023 1423 1054 amisum
1456 1023 1507 1052 su
1538 1023 1614 1052 era

336 1069 543 1113 Nicaeam
581 1069 714 1120 venit,
761 1067 986 1123 divisoque
1034 1024 1238 1111 exercittliJ
1267 1023 1636 1124 Hephaestignem
1682 1068 1736 1111 ad
1774 1068 1929 1111 Indum

394 1128 540 1179 mittit,
579 1127 674 1181 ipse
704 1126 888 1181 populos
922 1126 1175 1181 (Nysaeos)
1213 1127 1278 1169 cis
1311 1127 1466 1169 Indum
1495 1127 1541 1169 in
1571 1130 1833 1182 potestatem
1863 1141 1930 1169 re-

396 1186 520 1241 digit,
550 1183 728 1227 Aornon
760 1185 888 1240 capit.

338 1244 446 1287 Indo
478 1244 660 1286 traiecto
685 1243 862 1287 Taxiles
893 1257 972 1286 rex
1005 1256 1103 1287 sese
1127 1243 1259 1296 dedit,
1291 1257 1369 1286 rex
1391 1243 1530 1286 Porus
1551 1246 1672 1286 trans
1692 1243 1931 1299 Hydaspen

395 1303 583 1346 vincitur
614 1306 657 1345 et
688 1297 856 1358 capitur

336 1361 549 1409 Acesines
582 1364 626 1404 et
654 1361 900 1416 Hydraotes
933 1374 1080 1403 amnes
1112 1362 1398 1414 traiiciuntur‚
1433 1361 1510 1404 sed
1542 1362 1655 1404 ultra
1684 1361 1929 1417 Hyphasim

395 1420 629 1476 procedere
659 1421 814 1463 nolunt
842 1420 1116 1463 Macedones.

339 1480 490 1535 Itaque
521 1479 634 1521 redit
652 1478 778 1522 Alex.
810 1479 865 1521 ad
884 1479 1137 1534 Hydaspen,
1170 1482 1214 1521 et
1241 1482 1364 1534 parte
1397 1480 1616 1522 exercitus
1646 1479 1863 1521 navibus'
1850 1491 1929 1520 lm-

396 1540 552 1594 posita‚
583 1540 705 1593 parte
737 1538 792 1581 ad
819 1538 972 1604 ripam
989 1538 1115 1593 sequi
1145 1538 1282 1590 iussa,
1313 1551 1391 1593 per
1421 1538 1662 1593 Hydaspen
1690 1538 1738 1580 in
1759 1537 1928 1589 Indum,

396 1610 474 1652 per
503 1596 657 1639 Indum
686 1597 856 1639 Pattala
892 1609 1029 1652 usque
1067 1595 1357 1652 proficiscitur
1397 1597 1577 1647 (novem
1616 1597 1863 1649 mensibus,
1904 1610 1931 1637 a

398 1655 633 1698 Novembri
662 1654 747 1699 327
779 1668 918 1710 usque
950 1655 1004 1697 ad
1033 1655 1191 1698 Iulium
1223 1654 1345 1707 326.)

338 1715 489 1758 Diviso
521 1714 715 1757 exercitu
744 1715 840 1769 ipse
871 1727 951 1756 rex
971 1713 1145 1756 Oceano
1176 1714 1293 1756 adito
1324 1727 1402 1769 per
1430 1714 1573 1756 Oritas
1606 1717 1650 1756 et
1673 1713 1928 1757 Gedrosiam

398 1776 442 1815 et
475 1772 774 1815 Oaramaniam
804 1773 850 1814 in
882 1772 1106 1815 Persidem
1135 1773 1261 1815 redit.
1324 1772 1413 1816 Sed
1450 1773 1497 1815 in
1526 1773 1682 1815 itinere
1713 1786 1740 1814 a
1767 1771 1927 1815 finibus

399 1831 616 1874 Oritarum
654 1844 732 1887 per
764 1830 1026 1876 Gedrosiam.
1059 1830 1274 1874 desertam
1313 1843 1451 1886 usque
1482 1831 1599 1874 Pura
1635 1830 1722 1883 (60
1752 1830 1929 1884 diebus)

396 1890 603 1932 maiorem
633 1892 799 1945 partem
831 1890 1049 1933 exercitus
1079 1885 1234 1945 perdit

337 1948 555 1991 Nearchus
595 1961 697 1991 cum
733 1948 874 1993 classe
907 1948 1078 2000 (mense
1111 1947 1317 2000 Octobri)
1355 1947 1585 2004 profectus
1608 1947 1743 1990 1111113
1772 1947 1926 2003 legens

400 2006 483 2052 129
516 2006 667 2050 diebus
700 2006 756 2049 ad
786 2007 900 2049 ostia
931 2006 1123 2062 Tigridis
1155 2006 1386 2062 pervenit.

337 2065 464 2111 Alex.
490 2065 616 2110 Susis
646 2066 822 2133 nuptias
854 2077 955 2108 suas
987 2067 1032 2108 et
1061 2065 1221 2108 ducum
1251 2068 1296 2108 et
1324 2065 1608 2120 plurimorum
1639 2064 1823 2107 aliorum
1842 2064 1930 2107 Ma-

397 2124 610 2167 cedonum
642 2118 783 2181 (ὑπὲρ
798 2117 908 2167 τοὺς
925 2126 1109 2181 μυρίους
1139 2123 1235 2166 Arr.
1258 2123 1300 2176 7,
1320 2123 1373 2174 4)
1407 2123 1611 2174 celebrat,
1642 2124 1738 2178 ipse
1759 2126 1931 2178 praeter

397 2183 610 2229 Roxanen
653 2184 884 2226 1333131331
921 2182 1052 2225 Darei
1093 2181 1280 2228 filiarum
1318 2182 1525 2225 Statiram
1572 2179 1700 2233 (alii
1712 2181 1932 2224 Arsinoen

397 2239 579 2293 vocant)
610 2240 743 2293 ducit,
773 2240 1039 2296 Hephaestio
1070 2241 1280 2284 minorem
1300 2240 1542 2296 Drypetim,
1576 2239 1779 2283 Craterus
1800 2239 1930 2282 Ama-

398 2300 536 2352 strim,
566 2299 698 2342 Darei
725 2299 869 2342 fratris
900 2298 1034 2340 filiam
1066 2297 1202 2354 (quae
1233 2301 1387 2354 postea
1417 2298 1680 2354 Lysimacho
1711 2297 1884 2354 nupsit)

342 2357 451 2401 Cum
471 2358 628 2402 Persas
658 2359 838 2400 iuvenes
859 2357 1158 2409 Macedonicis.
1183 2358 1320 2401 armis.
1334 2358 1584 2409 instrueret,
1614 2359 1930 2412 veteranosque

401 2429 503 2461 31103
534 2417 690 2461 militia
718 2416 920 2468 solveret,
953 2415 1109 2458 seditio
1141 2416 1326 2458 militum
1355 2415 1405 2458 fit
1435 2415 1518 2471 Opi
1548 2415 1603 2458 ad
1621 2415 1898 2471 Euphratem.

342 2474 436 2527 Qua
466 2475 616 2518 sedata
635 2475 858 2519 Ecbatana
885 2474 1109 2530 profectus
1131 2475 1367 2517 certamina
1386 2475 1612 2529 utriusque
1634 2475 1807 2529 generis
1835 2487 1931 2530 per-

343 2536 786 2637 003315331351’?
790 2531 1930 2648 fflhafflffitffiussrffiissofflhffi33¹3?ssss

400 2651 682 2706 plurimarum
712 2651 905 2707 gentium
936 2651 996 2694 ad
1021 2664 1123 2695 eum
1151 2651 1416 2694 conveniunt

343 2709 394 2752 In
402 2709 670 2811 Oblytmpicis
701 2710 817 2753 ludis
846 2709 974 2753 Alex.
1004 2709 1156 2752 exules
1196 2723 1222 2752 a
1260 2709 1513 2753 civitatibus
1543 2708 1725 2752 Graecis
1756 2709 1932 2752 restitui

397 2768 444 2810 iu
476 2781 498 2810 e

340 2825 523 2869 Athenis
555 2838 713 2872 causae
741 2825 1000 2882 Harpalicae
1032 2828 1232 2883 aguntur,
1269 2826 1385 2881 quod
1414 2827 1639 2883 Harpalus
1661 2826 1930 2882 Babyloniae

396 2884 643 2940 praefectus
680 2884 937 2930 interversis.
965 2885 1006 2928 V
1034 2885 1123 2929 mil.
1165 2885 1382 2930 talentum.
1413 2885 1611 2929 Athenas
1646 2888 1844 2938 venerat,
1887 2888 1932 2928 et

346 2965 348 2967 >
399 2944 645 2999 corrupisse
676 2944 920 2999 complures
951 2945 1149 2988 ora-tores.
1176 2943 1413 2988 dicebatur.
1474 2944 1790 2987 Demosthenes
1821 2944 1929 2987 mulv-

396 3005 514 3045 tatus
546 3001 613 3111 53)
623 3002 697 3044 131.
729 3003 774 3046 in
804 3003 982 3051 exilium
1013 3002 1104 3046 abit
1134 3000 1348 3058 (Aeginae
1379 3004 1424 3045 et
1444 3002 1665 3046 Troezene
1696 3003 1929 3058 plurimum

395 3073 579 3105 versans

338 3118 564 3174 Babylone
601 3119 1020 3172 ALEXANDER,
1071 3119 1178 3164 dum
1210 3119 1379 3165 bellum-
1411 3118 1647 3164 Arabicum
1684 3121 1926 3177 praeparat,

397 3177 508 3221 febri
536 3179 705 3220 moritur
733 3180 839 3233 post
870 3191 1054 3235 regnum
1093 3178 1321 3223 duodecim
1359 3191 1568 3223 annorum
1607 3181 1654 3222 31
1681 3180 1778 3221 0310
1809 3191 1928 3221 men-

1953 318 2076 351 mehr.
2124 318 2261 360 olymp.

1980 539 2066 582 323
2130 539 2259 593 1124

1977 655 2064 699 323
2130 655 2264 698 1124

1979 1008 2066 1052 323
2131 1007 2259 1050 1131

1979 1301 2064 1344 321
2132 1299 2265 1353 1132}

1979 1477 2065 1520 327
2131 1475 2264 1518 1132

1979 1710 2067 1754 326
2130 1709 2265 1752 1133

1977 1915 2065 1999 32}

1980 2296 2068 2340 325
2131 2297 2265 2340 1133

1979 2531 2066 2575 325
2131 2531 2263 2575 1134

1982 2648 2075 2692 324.

1981 2766 2074 2811 324
2132 2766 2260 2809 1141

1979 2941 2067 2986 324

397 3237 509 3279 311131
539 3235 629 3288 (1.1
649 3236 744 3279 Ι113.
765 3237 852 3279 vid.
872 3237 1026 3280 Ideler.
1060 3236 1217 3280 Chron.
1240 3237 1262 3280 I
1293 3250 1336 3293 p.
1357 3236 1482 3291 407),
1515 3238 1719 3281 archonte
1734 3231 1928 3293 Hegesia
1976 3234 2063 3278 323
2127 3235 2255 3278 1141

337 3293 586 3351 Eodemque
617 3295 695 3339 die
719 3294 915 3358 Corinthi
948 3298 1156 3351 Diogenes.
1185 3295 1390 3351 Cynicus.
