2392 4016
618 234 621 238 ·
707 209 855 251 Graeci
885 222 1015 261 usque
1042 210 1099 252 ad
1128 221 1222 251 ann·
1244 209 1329 252 895
1351 221 1390 250 ι.
1413 210 1508 251 Chr.
2015 207 2073 254 27

143 400 396 447 Alcibiades
426 401 627 448 maximis
658 401 789 446 rebus
821 402 961 460 gestis
990 399 1187 448 Athenas
1215 413 1435 456 reversus,
1463 402 1633 459 ingenti
1662 416 1739 460 po-

202 461 297 518 puli
326 461 494 505 laetitia
523 460 738 517 excipitur
1174 472 1177 473 ⁷

145 520 235 566 Sed
263 520 438 565 interim
466 519 799 565 Lacedaemonii
827 519 1089 576 Lysandrum
1119 518 1253 564 classi
1283 518 1595 576 praefecerant,
1635 520 1739 564 arni-

205 580 310 624 citia
352 579 450 636 Gyri
486 577 702 631 (morie)
742 578 979 623 valentem:
1027 579 1069 623 is
1098 578 1434 624 Atheniensium>
1470 577 1658 622 classem
1695 581 1741 623 et

203 639 446 708 Antiochum·
464 636 747 706 praefectum,
778 650 878 707 cum
895 637 1148 692 Alcibiades
1167 637 1279 707 {orte
1301 637 1491 707 abesset,
1522 637 1578 680 ad
1596 637 1739 694 Ephe-

204 696 718 812 ffifflffl’p‘fflrssss
737 695 1147 809 fflffisstffrfffffi’
1163 709 1468 812 «ἰῖοξθῖἳῗοῖ
1489 696 1737 799 ἓξὶἓῇῗμ
1800 754 1887 799 407
1950 706 2056 810 933.

149 816 285 859 Conon
314 816 360 859 in
390 814 496 858 urbe
525 813 735 871 Mytilene
767 814 991 859 obsidetur
1019 828 1047 859 a
1080 815 1379 867 Callia-arida,
1419 815 1495 871 qui
1523 818 1626 871 post
1654 814 1741 871 Ly·

205 873 411 919 sandrum
441 872 575 918 classi
603 872 764 917 Laced.
787 876 1017 930 praeerat:
1056 873 1111 917 ad
1142 886 1271 930 quem
1303 873 1576 918 liberandum
1605 878 1740 918 naves

206 933 292 978 110
330 932 531 978 celeriter
557 930 742 977 Athenis
785 932 948 976 auxilio
987 933 1231 976 mittuntur.
1294 933 1474 978 Summa
1510 934 1554 976 vi
1592 932 1741 976 confli-

203 993 320 1049 gitur
358 989 773 1048 apud-Arginussas
810 991 1002 1046 insulas,
1041 993 1157 1048 perit
1196 991 1522 1046 Callicratidas,
1560 988 1743 1036 vincunt

201 1050 492 1098 Athenienses
746 1092 750 1095 .
1359 1096 1361 1101 .
1801 1049 1891 1094 406
1951 1049 2008 1094 93
2029 1049 2058 1093 3

144 1109 234 1154 Sed
264 1108 292 1154 8
322 1111 544 1166 praetores
564 1107 910 1178 Atheniensium,
941 1109 1059 1166 quod
1089 1109 1322 1166 naufragos
1353 1112 1399 1153 et
1427 1112 1621 1154 mortuos
1653 1123 1741 1154 non
1895 1104 1918 1129 ⁶

144 1167 991 1284 ffilffffissssssffltss'guffiffim
1003 1169 1546 1286 {iffiffinlt'gfflssffffl
1578 1214 1651 1273 ω’
1667 1242 1740 1272 ω-

203 1300 358 1331 norum
388 1286 655 1331 decessisset
723 1323 725 1326 Α
1213 1311 1215 1314 <

146 1346 408 1390 Decesserat
439 1346 545 1390 item
573 1347 621 1390 in
649 1345 906 1391 Macedonia
923 1345 1155 1402 Euripides
1187 1358 1300 1390 anno
1331 1348 1446 1399 ante,
1477 1347 1635 1391 aetatis
1666 1345 1738 1390 75.
1776 1396 1787 1405 ,

145 1406 378 1462 Lysander,
408 1406 566 1449 iterum
595 1405 730 1449 classi
757 1405 1058 1461 praepositus,
1097 1404 1387 1449 Athenienses
1417 1405 1474 1449 ad
1502 1407 1643 1461 Aeque
1667 1421 1741 1461 po-

204 1475 334 1508 tamos
363 1464 588 1522 opprimit,
627 1464 898 1520 navibusque
937 1464 1060 1508 exuit
1088 1464 1172 1517 ita,
1211 1467 1260 1507 ut
1298 1464 1420 1508 solus
1453 1464 1604 1509 Conon
1642 1478 1741 1509 cum

203 1524 356 1581 paucis
388 1523 572 1567 navibus
603 1522 797 1579 Cyprum
827 1522 883 1566 ad
911 1522 1158 1578 Euagoram
1189 1523 1347 1567 evadat
1373 1567 1376 1570 ,
1671 1560 1673 1562 .
1800 1522 1890 1566 405
1951 1522 2009 1567 93
2029 1522 2057 1565 4

144 1583 373 1640 Lysander
401 1582 520 1626 lento
553 1594 685 1626 cursu
704 1580 888 1625 Athenis
921 1583 1250 1639 appropinquat,
1282 1582 1524 1640 Aeginetae
1554 1586 1600 1628 et
1619 1584 1738 1627 Melii
2045 1573 2075 1593 ‘⁴

205 1642 380 1686 collecti
418 1642 465 1685 in
506 1641 670 1698 patrias
708 1641 1010 1685 restituuntur.
1069 1641 1487 1698 Peloponnesiorum
1524 1644 1744 1687 exercitus

205 1701 287 1745 sub
317 1701 535 1745 Pausania
562 1713 668 1756 rege
698 1701 744 1743 in
773 1699 966 1744 Atticam
998 1704 1290 1758 congregatur
1608 1693 1623 1711 ⁸
1803 1697 1892 1743 405

146 1758 343 1804 Athenae
382 1762 483 1816 post
521 1759 770 1803 diuturnam
816 1759 1088 1804 obsidionem
1136 1760 1358 1805 deduntur.
1397 1759 1496 1813 (16.
1536 1761 1741 1831 Munych.
1772 1752 1784 1764 “

205 1819 277 1864 22.
299 1818 470 1876 April.),
500 1818 623 1875 longi
641 1819 756 1863 muri
775 1818 869 1862 solo
891 1822 1144 1875 aequantur,
1170 1820 1421 1876 respublica
1442 1822 1498 1863 tri
1536 1822 1616 1863 'nta
1637 1821 1742 1863 viris

206 1877 454 1942 (tyrannis)
506 1878 790 1934 permittitur,
828 1865 1271 1923 Lacedaemoniorum
1314 1880 1446 1942 rebus
1526 1880 1742 1923 ventibus.
1826 1884 1864 1917 b·

205 1937 456 1982 Alcibiades
487 1937 659 1981 insidiis
691 1949 841 1981 eorum
871 1937 1001 1994 perit⁴
1208 1960 1231 1978 ι.
1803 1935 1893 1979 404
1954 1934 2012 1979 93
2031 1935 2060 1977 4

148 1996 529 2100 Lysandfflami
564 2009 701 2052 remp.
733 1996 1016 2053 optimatibus
1058 1996 1205 2040 tradit.
1245 1996 1356 2055 ,Hie
1381 1997 1486 2042 belli
1523 1996 1582 2041 28
1612 2009 1745 2040 anno-
1793 1993 1890 2097 404
1946 1987 1986 2020 ⁶
2136 2004 2143 2010 ·

207 2070 304 2100 rum
1494 2074 1526 2108 „a
1758 2076 1789 2113 ξ,
1949 2066 1959 2074 “

1800 1285 1889 1330 405
1951 1284 2059 1329 933

38 2194 41 2198 ·
151 2173 352 2231 Triginta
391 2173 474 2216 viri
503 2175 602 2216 octo
634 2184 808 2216 menses
839 2169 1024 2216 Athenis
1057 2172 1354 2233 dominantur,
1394 2173 1688 2217 Theramenes
1719 2187 1746 2217 a

210 2232 347 2277 Critia
374 2233 606 2277 accusatus
638 2230 865 2275 occiditur.
1529 2248 1556 2266 ··
1924 2239 1929 2244 ·
1975 2268 1984 2275 .

154 2292 434 2348 Thrasybulus
462 2290 655 2347 Lyconis
686 2289 716 2333 f.
747 2289 917 2346 Phylen
947 2292 1147 2346 occupat,
1175 2291 1278 2335 inde
1309 2291 1511 2335 Piraeum
1804 2290 1894 2335 404
1955 2291 2013 2335 94
2038 2291 2056 2334 1
2083 2310 2090 2317 ·

150 2350 286 2396 Critia
315 2351 362 2394 in
391 2363 539 2406 pugna
569 2350 732 2403 occiSO,
764 2351 810 2393 et
837 2349 1056 2394 Pausania
1084 2362 1188 2406 rege
1208 2350 1653 2395 Lacedaemoniorum
1683 2350 1743 2394 fa*

207 2412 349 2463 vente,
381 2411 509 2453 vetus
538 2409 647 2465 reip.
668 2408 807 2452 forma
825 2408 1084 2452 restituitur.
1122 2408 1398 2463 (Celebratur
1422 2410 1491 2454 12.
1512 2410 1742 2455 Boedrom.

207 2468 279 2514 24.
302 2467 442 2525 Sept.)
490 2467 661 2512 Oblivio
693 2481 836 2512 rerum
869 2470 1165 2512 anteactarum
1187 2470 1394 2523 sancitur,
1427 2469 1632 2515 archonte
1654 2471 1743 2513 Ea-

208 2529 326 2580 ch’de.
359 2526 640 2584 Thucydides
670 2527 907 2571 historicus
939 2539 996 2572 ex
1025 2525 1158 2571 exilio
1188 2523 1418 2573 reirocatur
1803 2527 1892 2572 403
1954 2527 2011 2572 94
2033 2526 2060 2571 2

155 2588 306 2645 (zyras,
341 2586 509 2643 Lydiae
540 2589 734 2643 satrapa,
772 2585 946 2631 adiutus
979 2599 1005 2630 a
1034 2585 1393 2632 Lacedaemoniis
1425 2587 1746 2644 expeditionem
1977 2604 1988 2611 ·

64 2664 65 2668 ¹
210 2646 397 2751 {usffiffiit
434 2645 643 2748 advetrsqs
682 2645 859 2689 fratrem
888 2644 1177 2714 Artaxerxem
1215 2659 1386 2703 regem,
1424 2658 1576 2691 mense
1605 2646 1747 2703 Aprili
1805 2704 1865 2746 40
1870 2646 1906 2747 1!
1955 2658 2012 2747 ἐκ
2033 2702 2062 2747 3

245 2719 292 2749 ar
370 2717 422 2748 us
484 2717 532 2748 ro
552 2717 602 2748 ec
625 2716 676 2748 us
1086 2744 1088 2746 .

62 2770 66 2803 ἱ
151 2765 282 2810 Victo
306 2763 423 2820 Cyro
453 2718 511 2807 {d
532 2763 728 2816 Cunaxa,
760 2762 913 2807 decem
942 2761 1064 2806 milia
1086 2760 1352 2809 Graecorum
1382 2764 1745 2811 mercenariorum
1806 2763 1891 2806 401
1956 2762 2013 2805 94
2034 2762 2061 2805 4

16 2830 17 2837 ’
55 2863 59 2867 .
212 2823 322 2868 duce
352 2823 623 2877 Xenophonte
651 2823 754 2878 post
782 2821 866 2864 iter
897 2823 998 2865 octo
1029 2821 1244 2864 mensium
1274 2825 1549 2867 revertuntur
1803 2822 1894 2865 400

16 2893 17 2896 ’
55 2895 61 2934 2
153 2883 348 2927 Socrates
377 2881 449 2926 70.
483 2882 638 2925 aetatis
670 2892 783 2923 anno
815 2879 1031 2936 supplicio
1063 2879 1250 2923 afficitur
1808 2880 1895 2924 399
1956 2880 2055 2924 951

16 2957 26 2975 ‘v
135 2941 266 3006 jGum
309 2941 602 2995 Tissaphernes
640 2938 831 2983 Graecas
877 2939 923 2982 in
961 2938 1069 2981 Asia
1105 2939 1234 2982 urbes
1274 2940 1516 2996 opprimere
1554 2942 1748 2992 conetur,

13 3045 26 3054 ,
135 3014 137 3044 4
214 2999 548 3045 Lacedaemonii
577 2998 818 3042 exercitum
849 3009 900 3041 eo
931 2997 1122 3050 mittunt,
1153 2998 1262 3042 duce
1288 2998 1540 3051 ΊἸιίηιὸνοοιο,
1571 2999 1646 3055 qui
1674 2998 1748 3041 ad-

20 3083 27 3106 2
66 3062 69 3066 ·
135 3046 139 3104 =
213 3060 376 3104 iunctis
405 3058 495 3102 iuis
528 3057 688 3110 10‚000
717 3056 928 3100 mnitibus
959 3069 1051 3099 rem
1082 3057 1196 3113 gerit
1809 3054 1896 3098 399

18 3166 22 3173 ,
56 3117 59 3120 ’
155 3118 320 3162 Eodem
350 3120 544 3174 tempore
563 3115 898 3160 Lacedaemonii
925 3115 1087 3159 bellum
1118 3119 1275 3172 gerunt
1305 3128 1404 3159 cum
1425 3115 1557 3168 Eleis,
1589 3114 1747 3170 quibus

16 3177 65 3203 '⁴‘
216 3177 345 3223 victis
378 3174 648 3241 Triphyliam
679 3177 725 3219 et
755 3173 968 3230 Cyllenen
999 3174 1195 3219 adimunt
1806 3171 1894 3215 399
1956 3167 2061 3226 951}

64 3255 65 3258 ¹
160 3235 414 3280 Thimbroni
445 3246 676 3278 successor
713 3232 840 3278 datns
869 3234 1137 3289 Dercyllidae
1166 3232 1490 3278 Rharnabazum
1522 3235 1568 3275 et
1597 3232 1748 3275 Tissa-

22 3321 58 3337 .,.
108 3252 122 3338 ἰ
214 3295 422 3352 phernem
453 3295 580 3349 urget
610 3304 706 3348 usq.
737 3291 794 3337 ad
820 3305 862 3336 a.
1808 3287 1895 3332 397
1957 3288 2015 3332 95
2035 3287 2062 3331 4
2103 3317 2109 3326 .

159 3353 396 3409 Aquilam,
428 3351 570 3408 Agide
600 3350 732 3395 fratre
762 3354 932 3395 mortuo
963 3350 1008 3394 in
1032 3350 1175 3394 locum
1197 3348 1497 3406 Leotychidis,
1527 3348 1682 3405 Agidis
1704 3347 1749 3401 f„

217 3425 296 3456 rex
325 3410 484 3455 Laced.
518 3410 681 3463 factus,
719 3409 882 3453 bellum
920 3409 967 3452 in
997 3407 1105 3467 Asia
1141 3407 1380 3465 gerendum
1417 3408 1624 3465 suscipit,
1662 3407 1748 3464 Ly·

221 3470 367 3515 sandri
395 3470 441 3512 in
473 3482 525 3513 ea
553 3482 600 3513 re
632 3468 830 3512 consiliis
859 3479 1018 3512 usurus
1295 3504 1299 3509 .
1808 3463 1896 3508 396

71 3543 73 3550 ·
164 3528 500 3586 Tissaphernem
531 3527 666 3584 fugat,
699 3526 882 3583 Lydiam
913 3525 1144 3583 populatur
1809 3521 1897 3567 395
1957 3521 2064 3577 961}

163 3587 500 3645 Tissaphernem
532 3587 744 3644 supplicio
776 3585 978 3631 affectum
1013 3586 1269 3630 steht-austes
1298 3588 1476 3630 secutus
1506 3582 1674 3640 legatos
1705 3582 1749 3626 iu

1771 358 1902 392 mehr.
1926 358 2074 402 olymp.
2131 344 2136 347 ”
