2392 4016
331 268 386 312 10
1017 268 1237 316 Imperium
1268 266 1525 307 Graecorum.

1956 423 1985 446 a.
1995 413 2077 446 Chr.
2107 414 2152 446 Ol
2180 424 2250 454 mp.

330 459 566 511 Philippus,
606 458 886 502 Macedonum
916 461 1015 511 rex,
1055 473 1092 502 a.
1124 459 1211 503 338
1243 460 1297 502 ad
1333 460 1604 502 Chaeroneam
1635 461 1786 511 victor,
1830 459 1912 503 Go-
2155 424 2178 456 y

386 517 519 559 rinthi
549 517 703 560 ducem
734 517 836 561 belli
867 521 1018 561 contra
1048 519 1204 562 Persas
1237 531 1284 562 se
1316 518 1541 574 profitetur
1971 517 2057 562 337
2121 517 2250 562 1104

326 575 473 619 Attalo
513 577 557 619 et
597 575 879 634 Parmenione
920 578 967 620 in
1005 576 1156 620 Asiam
1194 579 1469 634 praemissis,
1510 579 1605 634 ipse
1637 576 1913 634 (Philippus)

386 635 502 677 domi
532 637 711 678 necatur
1976 635 2063 680 336
2123 636 2203 679 111
2227 636 2247 678 1

326 694 440 737 Belli
471 694 649 749 gerendi
679 695 909 737 consilium
932 695 1116 751 suscipit
1135 696 1383 749 Alexander,
1418 697 1512 739 eius
1533 695 1663 748 filius,
1695 697 1740 739 in
1760 695 1912 739 Asiam

384 753 560 806 traiicit,
594 757 789 809 satrapas
811 754 982 807 Persas,
1014 755 1253 798 Memnonis
1275 755 1434 798 Rhodii
1464 755 1696 798 consilium
1726 767 1814 798 non
1845 767 1912 798 se-

387 815 525 864 cutos,
559 812 613 854 ad
649 813 867 856 Granicum
899 826 1067 856 amnem
1097 815 1233 857 vincit
1972 812 2060 857 334
2118 811 2248 856 1113

326 870 427 926 Ipse
449 872 616 914 Dareus
639 871 815 916 Codom.
848 872 903 915 ad
932 873 1083 916 urbem
1113 874 1244 916 Issum
1273 872 1319 915 in
1342 871 1520 916 Ciliciae
1552 875 1596 916 et
1625 873 1779 929 Syriae
1811 884 1912 916 con-

385 929 501 973 finiis
533 932 720 974 vincitur
753 932 805 974 ab
836 932 1084 974 Alexandro
1973 930 2059 975 333
2119 930 2250 973 1114

326 987 595 1042 Alexander,
637 990 753 1045 Tyro
794 994 1043 1046 expugnata
1081 994 1124 1034 et
1152 990 1355 1046 Aegypto
1395 989 1521 1033 facile
1561 990 1747 1046 potitus,
1789 989 1915 1046 Tigri

385 1049 655 1100 transmisso,
687 1049 875 1091 Dareum
906 1049 960 1091 ad
997 1050 1254 1104 Gauyamela
1282 1050 1440 1091 iterum
1470 1050 1517 1091 in
1546 1049 1692 1104 fugam
1723 1050 1854 1092 vertit
1972 1047 2055 1092 331
2122 1046 2205 1090 112
2225 1046 2251 1089 2

327 1106 472 1162 Ipsam
494 1107 716 1150 Persidem
738 1109 924 1150 victores
946 1108 1203 1151 Macedones
1224 1108 1540 1163 ingrediuntur,
1569 1109 1737 1150 Dareus
1756 1108 1917 1152 Bactra

385 1168 538 1221 petens
570 1168 689 1209 trans
721 1169 869 1222 portas
903 1166 1086 1223 Caspias
1118 1181 1143 1209 a
1173 1168 1264 1211 suis
1297 1168 1496 1210 occiditur
1978 1165 2068 1210 330
2125 1164 2207 1209 112
2226 1165 2253 1209 3

1127 1373 1462 1380 ..φ-...Μ

729 1542 798 1603 Β.
880 1539 1280 1602 IMPERIUM
1330 1538 1847 1602 GRAEGORUM.
1904 1492 1907 1493 ἢ

453 1692 577 1743 Quod
606 1693 835 1748 imperium
869 1692 1133 1736 Graecorum
1165 1693 1446 1748 appellamus,
1486 1695 1530 1735 et
1558 1693 1697 1748 ipsius
1731 1690 1942 1735 Graeciae
1973 1690 2172 1733 civitates
2203 1691 2252 1733 li·

327 1751 452 1793 beras
486 1752 828 1806 comprehendit,
857 1754 900 1794 et
932 1765 1006 1795 eos
1038 1751 1222 1807 populos
1254 1753 1474 1805 barbaros,
1508 1752 1664 1808 quibus
1688 1750 1847 1794 Graeci
1875 1763 2003 1806 reges
2035 1750 2254 1805 imperita-

327 1811 444 1852 bant.
506 1810 618 1853 Nam
647 1811 932 1853 Macedonum
962 1824 1089 1866 reges
1123 1813 1171 1853 et.
1197 1812 1273 1866 qui
1302 1814 1456 1867 postea
1486 1824 1542 1854 ex
1572 1824 1624 1853 ea
1654 1813 1784 1867 gente
1814 1823 2016 1866 magnam
2046 1808 2179 1865 Asiae
2210 1811 2255 1851 et

326 1868 500 1912 Africae
532 1872 699 1924 partem
729 1871 957 1923 tenebant,
991 1869 1148 1913 Graeci
1180 1873 1254 1912 aut
1285 1873 1428 1923 erant,
1470 1873 1544 1912 aut
1574 1871 1724 1913 haberi
1755 1873 1871 1913 certe
1903 1869 2128 1921 volebant,
2169 1881 2254 1924 quo

327 1928 489 1970 factum
521 1931 609 1981 est,
651 1931 701 1972 ut
731 1930 882 1985 populi
920 1930 1008 1972 illis
1042 1929 1229 1972 subiecti
1261 1928 1527 1972 Graecorum
1566 1930 1756 1972 sermoni
1793 1940 1844 1971 ac
1882 1929 2073 1971 moribus
2106 1940 2254 1970 assue-

325 1986 491 2039 fierent,
523 2000 626 2030 suos
659 1988 944 2042 dediscerent,
978 1989 1046 2031 vel
1078 1989 1223 2044 potius
1255 2001 1416 2031 novum
1446 1988 1664 2045 quoddam
1683 1989 1904 2032 hominum
1926 2001 2063 2045 genus
2085 1987 2252 2039 fierent,

327 2047 402 2102 qui
432 2059 512 2090 nec
544 2048 717 2091 barbari
748 2061 828 2091 nec
862 2047 1020 2092 Graeci
1052 2049 1260 2104 appellari
1290 2050 1484 2104 possent.

2059 2151 2081 2174 a
2115 2141 2197 2174 Chr.
2219 2151 2253 2173 n.

718 2188 758 2235 I.
827 2184 954 2236 RES
990 2186 1208 2237 IPSIUS
1243 2185 1611 2236 GRAECIAE.

329 2311 530 2355 Periodus
554 2314 692 2368 prima
721 2313 901 2366 incerta,
941 2312 1100 2356 fabulis
1131 2312 1319 2355 heroicis
1352 2316 1573 2366 exornata,
1614 2327 1752 2371 usque
1785 2314 1840 2357 ad
1869 2313 2004 2357 Hera·

742 2372 952 2415 clidarum
982 2372 1184 2425 reditum,
1217 2385 1254 2415 a.
1277 2386 1314 2414 a.
1339 2372 1438 2416 Chr.
1465 2373 1592 2417 1104.

328 2467 560 2511 Maximam
591 2467 798 2510 Graeciae
829 2470 995 2524 partem
1025 2468 1177 2524 primis
1208 2469 1475 2525 temporibus
1506 2470 1679 2525 Pelasqi
1710 2468 1912 2511 dicuntur
1941 2470 2004 2511 te-

389 2539 551 2569 nuisse.

329 2585 490 2629 Eorum
522 2585 652 2628 urbes
683 2585 824 2640 Arqos
855 2587 898 2628 et
927 2586 1092 2641 Sicyon.

330 2644 475 2700 Reges
506 2643 660 2699 Argivi
690 2644 936 2697 Inachidae,
974 2645 1075 2688 inde
1108 2645 1160 2688 ab
1192 2646 1361 2698 Inacho,
1404 2646 1566 2689 Oceani
1597 2648 1641 2689 et
1672 2646 1866 2702 Tethyos
1898 2645 2004 2699 filio,

391 2705 465 2760 qui
500 2705 544 2746 in
576 2704 783 2746 vicesima
812 2705 1033 2748 hominum
1065 2708 1205 2748 aetate
1238 2708 1336 2748 ante
1368 2705 1529 2748 bellum
1561 2660 1816 2749 Troianumy
1824 2707 2000 2762 ponitur
2061 2703 2235 2758 (1910)

329 2744 436 2806 Eius
467 2762 582 2806 filius
615 2763 863 2806 Phoroneus
2067 2763 2236 2817 (1850)

330 2822 547 2878 Aequales
579 2822 647 2864 vel
687 2822 816 2864 etiam
848 2822 1114 2878 antiquiores
1146 2834 1273 2879 reges
1309 2823 1526 2878 Sicyonii,
1565 2822 1801 2880 Aegialeus
1834 2826 1878 2868 et
1909 2824 2004 2867 eius

390 2882 567 2937 posteri.

338 2942 515 2995 099983,
549 2941 672 2983 cuius
704 2942 843 2982 aetate
877 2952 1083 2995 aquarum
1114 2940 1338 2983 inundatio
1370 2940 1506 2984 fuisse
1538 2941 1686 2994 fertur,
1718 2941 1763 2983 in
1783 2940 1932 2984 Attica
1962 2943 2007 2984 et

392 3001 573 3042 Boeotia
2099 2998 2237 3051 1796)

333 3059 616 3114 Pelasgorum
648 3058 864 3109 coloniae,
905 3059 948 3100 et
977 3058 1116 3113 prima
1146 3057 1320 3112 quidem
1353 3058 1541 3101 Oenotro
1573 3061 1617 3101 et
1646 3058 1853 3101 Peucetio
1885 3058 2005 3101 duci·
2065 3000 2085 3053 (

391 3120 486 3171 bus,
518 3119 562 3162 in
594 3117 763 3160 Italiam
795 3117 1032 3172 emigrasse
1062 3117 1301 3159 traduntur.

339 3178 463 3221 Cares
495 3180 538 3220 et
570 3178 744 3232 Leleyes
773 3176 939 3218 insulas
971 3176 1163 3232 aliasque
1197 3175 1405 3219 Graeciae
1436 3178 1583 3231 partes
1614 3176 1833 3219 tenebant.
1896 3176 2005 3221 Ulti-

393 3249 488 3280 mus
533 3250 555 3279 e
586 3236 773 3292 posteris
806 3235 979 3290 Lelegis
1020 3237 1062 3278 in
1096 3236 1288 3278 Laconia
1325 3236 1608 3289 regnantibus
1649 3239 2006 3279 commemoratur

395 3296 670 3351 Tyndareos,
712 3307 838 3351 quem
880 3298 1002 3349 pater
1042 3295 1229 3338 Oebalus
1269 3308 1323 3338 ex
1365 3294 1675 3350 Gorgophone‚
1713 3295 1863 3338 Persei
1902 3295 2006 3348 filia,

395 3359 615 3410 genuerat,
655 3358 698 3398 et
728 3353 936 3397 Hercules
970 3354 1022 3396 ab
1053 3354 1355 3410 Hippocoonte
1385 3354 1515 3397 fratre
1546 3354 1720 3410 pulsum
1749 3355 1795 3397 in
1825 3368 2006 3411 regnum

391 3415 584 3457 restituit
2062 3412 2226 3466 (1235)

332 3471 554 3528 Tyndarei
578 3487 600 3515 e
622 3471 742 3514 Leda
761 3470 840 3514 filii
862 3473 964 3513 sunt
989 3471 1133 3514 Castor
1164 3474 1208 3515 et
1228 3472 1391 3524 Pollux,
1424 3471 1539 3515 filiae
1557 3472 2006 3525 TimandraOEchemi

395 3532 554 3583 uxor),
603 3532 938 3587 Clytaemnestra,
979 3531 1150 3572 Helena.
1218 3531 1371 3574 Frater
1403 3531 1622 3588 Tyndarei
1652 3532 1840 3584 Icarius,
1881 3532 2004 3575 cuius

394 3590 484 3632 filia
515 3592 724 3645 Penelope,
759 3602 867 3632 uxor
899 3589 1084 3644 Ulyssis.

343 3650 546 3692 Caucones
566 3650 729 3702 Eleam,
762 3661 870 3704 quae
901 3653 1001 3703 post
1031 3648 1124 3700 fuit,
1158 3650 1318 3690 tenent.
1365 3648 1508 3692 Aones
1532 3651 1576 3691 et
1594 3649 1791 3710 Hyantes
1814 3651 1857 3691 et
1879 3649 2005 3693 Tem-
