2392 4016
366 196 424 243 86
1138 197 1317 236 Annales
1348 198 1517 237 Romani

365 354 397 376 a.
419 344 502 376 Chr.
577 353 610 375 u.
625 352 653 375 c.

396 389 483 433 210
564 388 651 433 544
713 387 814 431 Cos.
846 387 909 430 Μ
947 388 1144 431 Claudius
1174 388 1402 431 Marcellus
1431 389 1515 443 IV,
1557 389 1622 432 M.
1648 390 1838 434 Valerius
1867 390 2113 441 Laevinus.)
2175 391 2291 434 Han-

759 447 877 490 nibal
906 447 960 490 ad
990 447 1261 490 Herdoneam
1292 449 1336 490 in
1368 447 1562 491 Lucania
1593 447 1671 492 Cn.
1698 449 1899 493 Fulvium
1931 462 2100 505 procos.
2133 450 2288 502 caedit,

763 505 841 549 sed
873 519 971 549 cum
1002 506 1057 548 Μ.
1080 506 1282 549 Marcello
1315 519 1452 562 aequo
1474 506 1608 550 Marte
1640 511 1819 565 pugnat.
1871 507 1922 550 In
1956 507 2108 551 Sicilia
2136 509 2191 550 M.
2208 508 2293 551 Va-

759 563 892 608 lerius
933 577 1022 608 cos.
1055 564 1364 621 Agrigentum,
1404 565 1614 621 prodente
1653 566 1816 611 Mutine
1846 566 2129 610 Numidarum
2169 567 2292 619 duce,

761 624 891 680 capit,
922 623 1193 679 insulamque
1225 626 1326 679 post
1356 624 1520 667 abitum
1541 625 1783 669 Poenorum
1814 628 1941 682 pacat
1963 625 2012 667 L.
2031 624 2181 668 Cincio
2202 625 2294 668 Ali-

759 684 904 726 mento
937 685 1135 738 praetore
1167 686 1358 726 veterem
1388 684 1655 739 provinciam
1689 685 1923 728 obtinente.
1976 684 2119 726 Etiam
2149 685 2195 726 in
2217 683 2293 726 Hi-

762 741 923 797 spania
945 741 994 784 P.
1027 740 1176 797 Scipio
1207 754 1277 784 res
1309 754 1516 798 prospere
1548 744 1673 799 gerit,
1715 744 1791 800 qui
1821 743 1946 787 Ibero
1977 743 2159 785 traiecto
2193 742 2294 786 Car-

760 800 983 856 thaginem
1014 813 1170 843 novam
1203 800 1579 856 opulentissimam
1611 802 1760 845 urbem
1791 803 1834 844 vi
1865 803 1994 858 capit.
2047 801 2296 844 Renovatur

759 859 950 902 amicitia
980 871 1079 901 cum
1108 859 1356 902 Ptolemaeo
1388 862 1432 903 et
1464 859 1707 917 Cleopatra,
1738 860 1930 917 Aegypti
1960 860 2153 916 regibus.

819 917 1005 960 Comitia
1024 917 1236 961 habentur
1258 932 1283 961 a
1305 917 1353 970 Q.
1373 918 1528 962 Fulvio
1546 920 1705 963 Flacco
1726 919 1844 972 dict„
1876 921 1923 962 P.
1941 919 2110 962 Licinio
2135 918 2294 962 Crasso

760 989 873 1031 mag.
907 989 973 1031 eq.
1045 975 1260 1020 Censores
1301 978 1436 1020 creati
1465 978 1516 1020 L.
1533 978 1739 1022 Veturius
1778 953 1904 1022 Ph'ilo
1944 981 1988 1021 et
2017 978 2066 1020 P.
2098 977 2294 1020 Licinius

761 1033 948 1076 Crassus
979 1037 1156 1089 propter
1186 1037 1368 1077 mortem
1398 1035 1448 1077 L.
1470 1035 1620 1079 Vetur.
1653 1050 1831 1080 censum
1862 1049 1948 1080 non
1978 1035 2220 1092 perficiunt.

395 1093 481 1138 209
565 1093 650 1138 545
714 1091 814 1135 Cos.
843 1092 891 1141 Q.
916 1093 1072 1134 Fabius
1086 1093 1206 1135 Max.
1228 1094 1437 1136 Verrucos.
1465 1094 1513 1147 V,
1551 1095 1599 1143 Q.
1622 1096 1794 1138 Fulvius
1811 1096 1986 1138 Flaccus
2006 1096 2084 1137 IV
2107 1095 2169 1138 Id.
2188 1095 2297 1136 Mar—

761 1151 835 1194 tiis
865 1150 1050 1203 ineunt.)
1109 1151 1221 1194 Dum
1253 1152 1308 1194 Μ.
1341 1151 1570 1196 Marcellus
1601 1165 1772 1209 procos.
1815 1153 1971 1210 cupide
2002 1166 2101 1196 cum
2132 1154 2296 1196 Hanni-

763 1210 861 1253 bale
892 1210 937 1252 in
968 1209 1128 1266 Apulia
1148 1210 1452 1267 congreditur,
1484 1214 1528 1254 et
1559 1212 1696 1256 altero
1724 1211 1891 1269 proelio
1921 1213 2123 1264 vincitur,
2160 1212 2296 1255 altero

764 1270 963 1325 superior
994 1269 1151 1321 evadit,
1185 1269 1234 1321 Q.
1257 1270 1420 1313 Fabius
1451 1273 1595 1313 castra
1615 1271 1670 1314 ad
1691 1271 1928 1314 Tarentum
1949 1272 2085 1327 ponit,
2118 1283 2298 1326 eamque

760 1329 936 1380 urbem,
974 1328 1243 1372 Bruttiorum
1283 1329 1392 1372 duce
1425 1329 1657 1385 prodente,
1699 1331 1850 1386 capit.
1897 1330 2117 1386 Hispanos
2150 1329 2298 1386 Scipio

759 1361 1030 1430 humanitate
1063 1391 1107 1430 et
1139 1388 1224 1430 sibi
1245 1390 1290 1430 et
1310 1388 1518 1431 Romanis
1541 1389 1759 1442 conciliat,
1791 1389 2192 1444 Hasdrubalemque
2213 1389 2299 1431 Ha-

763 1446 878 1490 milc.
914 1441 973 1488 fil.
1006 1446 1144 1489 vincit
1174 1447 1288 1503 apud
1319 1447 1568 1500 Baeculam,
1600 1449 1674 1504 qui
1702 1422 1804 1491 in'de
1834 1447 2007 1505 fugiens
2028 1448 2299 1504 Pyrenaeum

761 1505 919 1548 saltum
951 1507 996 1548 et
1027 1504 1213 1548 Galliam
1243 1507 1366 1562 petit.

818 1564 887 1606 Ex
917 1564 1098 1619 triginta
1129 1565 1312 1607 coloniis
1343 1577 1444 1620 pop.
1467 1565 1607 1618 Rom.,
1637 1578 1747 1621 quae
1777 1567 1882 1608 tunc
1904 1568 2039 1618 erant,
2071 1565 2300 1608 duodecim

763 1635 810 1665 se
843 1622 957 1665 ultra
986 1623 1146 1666 milites
1177 1624 1491 1679 pecuniamque
1523 1624 1625 1666 dare
1655 1636 1786 1680 posse
1818 1627 1980 1680 negant
2010 1624 2130 1675 (Liv.
2149 1623 2220 1676 27,
2239 1623 2299 1676 9).

763 1681 934 1724 Primus
967 1695 1022 1724 ex
1052 1681 1179 1737 plebe
1211 1685 1382 1725 creatus
1413 1684 1627 1726 maximus
1661 1683 1781 1726 curio
1813 1683 1861 1726 C.
1878 1683 2093 1726 Mamilius
2111 1683 2299 1726 Vitulus.

395 1741 481 1786 208
562 1741 648 1785 546
711 1739 812 1783 Cos.
845 1741 908 1783 M
946 1740 1144 1782 Claudius
1173 1742 1401 1784 Marcellus
1425 1742 1472 1794 V,
1512 1742 1558 1784 T.
1589 1741 1802 1790 Quinctius
1837 1743 2061 1796 Crispinus,
2097 1742 2165 1784 ll.
2197 1742 2302 1784 belli

763 1811 915 1851 annus,
948 1798 1002 1841 21
1038 1798 1172 1856 legg.)
1235 1799 1335 1843 Cos.
1369 1801 1613 1844 coniunctis
1646 1802 1784 1856 copiis
1817 1804 1962 1844 (188118
1993 1801 2047 1843 8(1
2064 1801 2301 1844 Venusiam

762 1858 858 1901 adv.
890 1857 1177 1901 Hannibalem
1212 1862 1401 1915 ponunt,
1442 1859 1520 1902 sed
1560 1859 1831 1915 exploratum
1868 1860 1916 1902 in
1952 1861 2166 1902 tumulum
2204 1872 2301 1916 pro-

762 1917 972 1973 pinquum
1003 1917 1201 1973 profecti,
1233 1917 1433 1961 incidunt
1461 1919 1507 1960 in
1537 1918 1720 1961 insidias
1754 1919 1807 1961 ab
1824 1918 1977 1961 'Hann.
2011 1922 2213 1970 structas,
2244 1918 2300 1960 Μ.

761 1976 951 2018 Marcell.
983 1975 1256 2030 interficitur,
1299 1977 1409 2020 alter
1439 1977 1660 2022 sauciatus
1691 1976 1779 2021 non
1811 1977 1945 2020 multo
1977 1981 2078 2033 post
2107 1978 2300 2020 moritur.

763 2035 870 2078 Inde
909 2035 1050 2078 Hann.
1090 2048 1267 2079 movens
1308 2036 1548 2080 Locrorum
1594 2037 1887 2090 obsidionem,
1935 2050 2045 2092 quae
2085 2039 2300 2093 coeperat,

763 2094 906 2137 solvit.

819 2152 1071 2207 Prorogatis
1103 2152 1297 2208 imperiis
1331 2155 1433 2195 sunt
1462 2154 1509 2196 in
1529 2153 1785 2206 Macedonia
1805 2153 1853 2196 P.
1871 2153 2093 2209 Sulpicius
2116 2147 2301 2209 procos„

761 2212 807 2253 in
839 2210 1040 2254 Sardinia
1072 2209 1120 2253 C.
1141 2211 1460 2254 Aurunculeius
1492 2224 1570 2268 pro
1601 2204 1752 2268 praet„
1786 2212 2020 2268 Syracusis
2041 2212 2096 2254 M.
2100 2212 2300 2255 Valerius

761 2282 952 2325 procos„
984 2271 1174 2312 veterem
1205 2270 1474 2325 provinciam
1498 2271 1693 2313 Siciliam
1723 2272 1892 2314 obtinet
1914 2271 2015 2314 Sex.
2039 2271 2175 2313 Iulius
2195 2270 2302 2314 Cae·

764 2341 835 2372 sar
865 2342 929 2384 pr.
982 2328 1032 2370 In
1064 2314 1275 2383 Hispania
1307 2329 1526 2384 Scipionis
1559 2330 1766 2385 auspiciis
1797 2330 1853 2372 M.
1878 2329 2053 2372 Silanus
2074 2330 2302 2386 Magonem

764 2391 807 2430 et
826 2387 1082 2430 Hannonem
1114 2400 1347 2442 eorumque
1380 2388 1523 2430 socios
1547 2387 1791 2431 Celtiberos
1813 2388 2029 2444 profligat,
2061 2389 2158 2444 ipse
2182 2389 2299 2444 Seip.

760 2446 1091 2498 Hasdrubalem,
1125 2445 1334 2502 Gisgonis
1365 2445 1440 2499 fil.,
1472 2458 1610 2502 usque
1643 2447 1699 2490 ad
1719 2447 1939 2490 Oceanum
1962 2448 2249 2503 persequitur.
2259 2445 2301 2499 *)

822 2505 1028 2548 Lustrum
1059 2504 1180 2556 (44.)
1213 2505 1432 2548 conditum
1473 2519 1499 2548 a
1539 2517 1658 2549 cens.
1698 2507 1747 2549 P.
1780 2506 2036 2562 Sempronio
2069 2506 2301 2559 Tuditano,

762 2564 816 2606 M.
841 2563 1045 2607 Cornelio
1069 2563 1285 2620 Cethego:
1321 2577 1454 2607 censa
1488 2563 1661 2609 137108
1693 2565 1856 2622 capita:
1888 2565 2091 2621 princeps
2124 2569 2300 2608 senatus

761 2623 922 2678 legitur
953 2622 1003 2675 Q.
1035 2622 1198 2667 Fabius
1229 2623 1456 2666 Maximus.

828 2681 1017 2725 Comitia
1047 2682 1260 2725 habentur
1290 2695 1316 2724 a
1347 2682 1398 2724 Τ.
1430 2682 1589 2724 Μ811110
1623 2682 1843 2738 Torquato
1875 2683 1994 2736 dict„
2035 2682 2083 2726 C.
2117 2682 2302 2726 Servilio

764 2753 877 2796 mag.
910 2753 992 2796 eq„
1025 2741 1100 2796 qui
1129 2740 1246 2784 idem
1277 2741 1370 2784 aed.
1405 2753 1494 2784 cur.
1528 2744 1632 2784 erat.

823 2799 942 2855 Lege
974 2800 1022 2842 P.
1046 2799 1206 2842 Licinii
1226 2800 1345 2852 Vari,
1375 2803 1514 2856 praet.
1546 2801 1655 2853 111-11.,
1686 2800 1778 2843 ludi
1798 2799 2071 2856 Apollinares
2102 2801 2302 2856 perpetui

763 2857 874 2900 fiunt
904 2859 1022 2900 etin
1055 2872 1092 2899 a.
1125 2858 1164 2900 d.
1197 2858 1261 2901 111
1291 2858 1403 2901 Non.
1438 2859 1582 2911 Quint.
1616 2860 1950 2902 (101181111111111111.

402 2918 489 2962 207
568 2917 653 2962 547
717 2917 816 2960 Cos.
854 2917 898 2958 C.
928 2917 1126 2958 Claudius
1155 2916 1283 2969 Nero,
1315 2918 1378 2959 M.
1402 2918 1551 2960 Livius
1579 2918 1798 2960 Salinator
1817 2919 1881 2969 II,
1915 2918 1969 2960 cf.
2002 2931 2039 2960 a.
2071 2917 2171 2959 219.
2204 2917 2299 2960 Liv.

765 2975 835 3028 27,
867 2974 955 3026 34).
1017 2976 1282 3027 Hasdrubal,
1325 2976 1522 3019 confecto
1553 2977 1710 3019 itinere
1751 2980 1796 3018 et
1833 2950 2048 3019 adiunctis
2081 2977 2166 3019 sibi
2198 2975 2299 3018 Gal-

763 3034 902 3077 lorum
930 3033 1224 3090 Ligurumque
1256 3034 1409 3090 copiis,
1439 3035 1613 3077 iamiam
1634 3035 1802 3077 Italiam
1832 3035 2002 3091 ingredi
2035 3048 2167 3089 seque
2200 3047 2298 3077 cum

765 3093 895 3135 fratre
919 3094 1181 3150 coniungere
1203 3096 1341 3148 parat.
1392 3092 1615 3136 Adversus
1638 3107 1736 3136 eum
1758 3094 1942 3138 mittitur
1962 3094 2016 3136 Μ.
2035 3094 2185 3136 Livius
2208 3106 2298 3136 cos.

767 3152 816 3196 C.
849 3149 979 3205 Nero,
1010 3152 1230 3209 prosperis
1263 3152 1428 3208 aliquot
1459 3152 1766 3195 certaminibus
1798 3165 1898 3196 cum
1927 3153 2067 3195 Hann.
2101 3152 2156 3194 ad
2189 3152 2297 3196 Gru-

765 3213 956 3253 mentum
988 3211 1032 3253 in
1064 3211 1227 3254 Lucan.
1259 3210 1403 3263 factis,
1442 3211 1601 3263 subito,
1641 3212 1895 3268 interceptis
1927 3211 2212 3255 Hasdrubalis
2246 3211 2301 3253 ad

764 3269 941 3312 fratrem
970 3270 1142 3323 litteris,
1174 3283 1272 3313 eum
1293 3244 1412 3314 7000
1431 3244 1680 3313 fortissimis
1702 3271 1826 3314 milit.
1859 3274 2003 3314 castra
2030 3271 2295 3325 relinquens,

700 3367 702 3369 .
767 3329 821 3371 ad
852 3328 1064 3385 collegam
1094 3331 1310 3386 properat.
1358 3329 1605 3372 Hasdrubal
1637 3332 1680 3372 et
1711 3342 1809 3372 cum
1841 3342 1891 3372 eo
1923 3329 2070 3373 56000
2100 3329 2212 3371 host.
2245 3328 2300 3371 ad

488 3503 532 3554 ²⁴²)
572 3506 683 3542 Haec
714 3505 804 3543 Liv.
844 3504 947 3542 salso
980 3504 1031 3541 ad
1064 3515 1099 3541 a.
1132 3516 1215 3552 seq.
1247 3505 1470 3552 rettulisse,
1512 3510 1652 3542 contra
1683 3516 1745 3542 res
1776 3501 1931 3543 8.’207
1965 3509 2006 3542 et
2037 3505 2119 3542 206
2153 3505 2194 3542 111
2224 3505 2298 3542 Hi-

373 3564 514 3611 spania
545 3569 677 3612 gestas
708 3565 747 3602 in
782 3575 905 3601 unum
938 3575 1087 3600 annum
1121 3564 1340 3601 coniecisse
1372 3565 1546 3601 videtur.
