2392 4016
105 380 136 405 a.
148 370 232 404 Chr.
306 379 341 405 u.
358 379 391 404 c.

538 223 589 262 ab
622 235 729 263 anno
760 236 794 263 a.
820 222 915 264 Chr.
949 223 1033 263 29⁴
1064 234 1195 274 usque
1225 225 1277 263 ad
1308 236 1458 265 aunum
1491 226 1592 266 ²80.
1976 222 2033 268 75

493 414 607 460 sium
635 412 787 459 dictat.
818 414 1053 460 reducitur.
1098 414 1194 460 Lex
1214 414 1417 469 Publilia,
1446 418 1498 460 ut
1526 417 1642 473 quod
1669 417 1794 474 plebs
1814 418 2032 471 iussisset,

494 485 646 518 omues
678 472 869 526 Quirites
899 477 1082 529 teneret,
1113 475 1360 519 accuratius
1391 476 1600 527 sancitur,
1630 477 1733 520 item
1767 478 1832 520 les.-
1862 478 2034 521 Maeuia

493 532 642 586 fertur,
673 535 723 576 ut
751 536 898 590 patres
928 535 1040 587 (sive
1069 534 1244 591 patricii
1273 534 1349 591 qui
1378 534 1425 578 iu
1454 538 1611 579 senatu
1643 536 1782 587 erant)
1813 537 1858 580 in
1890 538 2029 581 incer·

491 594 586 636 tum
615 593 888 637 comitiorum
920 597 1122 639 eventum
1151 596 1353 637 auctores
1373 592 1492 637 fiant.
1542 593 1592 647 Q.
1609 594 1841 639 Hortensio
1863 600 2032 640 mortuo

493 650 545 704 Q.
576 650 739 705 Fabius
770 652 983 698 Maximus
1014 653 1118 698 dict.
1140 652 1205 698 111
1236 652 1399 697 bellum
1431 654 1547 710 gerit
1577 666 1673 697 cum
1704 654 1902 699 Etruscis
1931 655 2032 699 Vol-

491 711 773 756 siniensibus.

129 770 215 817 285
294 769 381 836 469
443 769 544 815 Cos.
582 767 661 813 ⁸0.
698 771 896 814 Claudius
930 771 1109 825 canina,
1157 772 1220 815 M.
1253 772 1456 815 Aemilius
1485 771 1711 827 Lepidae.)
1773 771 1898 816 Bella
1934 785 2032 816 cum

128 947 219 994 284
292 946 480 993 4700

490 829 690 875 Etruscis
711 834 756 874 et
771 830 962 876 Lucanis
983 834 1110 887 gesta
1130 830 1346 885 videntur,
1369 842 1552 889 quorum
1574 831 1782 876 memoria
1801 832 1846 876 in
1867 832 2033 876 iactura

490 888 713 935 annalium
740 889 976 934 intercidit.

484 959 548 993 os.
584 948 630 992 C.
660 948 865 993 Servilius
900 949 1050 1002 noea,
1080 946 1157 992 ⁶1..
1195 949 1400 994 Caecilius
1429 951 1626 995 Metellus
1654 952 1823 994 Denter.

127 1007 213 1053 283
290 1007 376 1052 471
462 1029 519 1040 -
578 1007 630 1051 P.
673 1006 884 1052 Cornelius
921 1009 1148 1052 Dolabella
1177 1009 1410 1063 Maximus,
1458 1007 1565 1053 ⁶0⁸.
1596 1011 1805 1054 Domitius
1841 1010 2033 1054 Calvinus

171 1072 174 1080 ’
268 1093 270 1099 ·
359 1069 364 1074 ’
428 1103 430 1106 ,
492 1066 746 1120 Maximus.)
793 1066 904 1113 Cum
936 1067 1054 1112 Galli
1084 1067 1282 1113 Senones
1300 1068 1534 1113 Arretium
1566 1070 1830 1118 obsiderent.
1867 1071 2028 1114 missus

34 1679 383 1763 .1282·472
444 1716 478 1762 C

491 1138 544 1170 eo
576 1139 675 1171 cum
705 1127 903 1172 exercitu
932 1126 982 1171 L.
1006 1125 1226 1171 Caecilius
1255 1131 1430 1185 praetor
1459 1129 1555 1185 ipse
1586 1142 1683 1174 cum
1717 1130 1877 1173 maiore
1910 1133 2030 1186 parte

494 1186 715 1231 exercitus
745 1199 772 1230 a
793 1185 934 1230 Gallis
964 1185 1175 1240 caeditur,
1205 1187 1281 1244 qui
1312 1188 1444 1231 etiam
1474 1187 1644 1247 legatos
1675 1188 1728 1232 de
1759 1189 1945 1246 captivis
1967 1201 2031 1232 re-

494 1244 710 1289 dimendis
738 1246 899 1289 missos
929 1244 1161 1290 trucidant.
1223 1245 1312 1290 Sed
1350 1260 1446 1291 eam
1477 1247 1644 1292 cladem
1677 1247 1902 1292 Dolabella
1939 1259 2030 1292 cos.

493 1303 735 1358 ulciscitur,
765 1304 868 1348 dum
889 1304 1111 1349 Senonum
1141 1309 1300 1349 terram
1331 1305 1531 1351 devastat
1558 1308 1765 1364 ipsosque
1798 1308 2030 1351 commisso

493 1362 659 1420 proelio
688 1363 746 1407 ad
773 1364 1115 1408 internecionem
1147 1364 1302 1410 caedit.
1350 1364 1516 1418 Quibus
1537 1366 1668 1411 rebus
1690 1366 1898 1411 concitati
1921 1362 2029 1408 Bon

492 1423 2030 1542 imm*‘zfflwnffiffifflgw.231”.f⁶{3;¹f‘{5.’viam

1040 1515 1051 1526 .
1342 1515 1354 1538 ‚
2019 1517 2029 1528 .

492 1539 607 1587 Sena
636 1542 798 1587 civium
828 1541 1001 1587 colonia
1028 1542 1075 1586 in
1104 1544 1265 1587 terram
1296 1546 1552 1600 occupatam
1582 1543 1824 1588 deducitur.

550 1598 766 1646 Censores
795 1601 838 1645 h.
870 1614 908 1645 a.
939 1600 1143 1645 videntur
1170 1601 1322 1656 fuisse,
1361 1615 1544 1659 quorum
1574 1617 1687 1648 unus
1721 1603 1770 1657 Q.
1799 1602 2029 1648 Caedicius

488 1658 674 1704 Noctua.
733 1659 940 1705 Lustrum
971 1673 1060 1705 uon
1089 1658 1325 1706 conditum.

482 1730 546 1763 08.
576 1717 649 1764 *0.
678 1720 900 1763 Fabricius
928 1720 1147 1774 Luscinus,
1196 1721 1246 1772 Q.
1279 1722 1480 1765 Aemilius
1509 1722 1692 1778 Papus.)
1744 1722 1843 1767 Boii
1873 1724 2030 1766 iterum

493 1777 598 1823 belli
635 1779 852 1824 fortunam
890 1782 1112 1824 tentantes
1151 1793 1191 1823 a.
1224 1779 1275 1834 Q.
1306 1781 1430 1825 Aem.
1470 1782 1575 1825 victi
1613 1782 1669 1826 ad
1698 1795 1850 1839 pacem
1882 1786 2030 1839 peten-

493 1836 591 1882 dam
631 1838 887 1895 adiguntur,
936 1851 1047 1895 quae
1085 1852 1163 1896 per
1208 1839 1267 1884 45
1299 1852 1438 1884 annos
1483 1844 1641 1885 manet.
1717 1840 1766 1884 C.
1799 1841 2027 1886 Fabricius

493 1909 593 1941 cum
614 1897 900 1951 Samnitibus,
933 1898 1138 1952 Lucanis,
1170 1898 1369 1953 Bruttiis,
1401 1899 1454 1943 ad
1486 1899 1643 1944 famam
1661 1899 1820 1945 Gallici
1840 1900 1944 1945 belli
1965 1913 2030 1945 re·

495 1956 773 2010 bellantibus,
803 1957 1003 2011 dimicat,
1035 1957 1245 2002 Thurium
1275 1958 1503 2003 obsidione
1533 1959 1710 2013 liberat,
1746 1959 2029 2016 praesidium·

493 2027 577 2072 que
609 2016 807 2073 imponit.
857 2015 952 2069 Qua
980 2030 1029 2060 re
1061 2018 1265 2062 commoti
1297 2018 1537 2072 Tarentini,
1568 2019 1680 2063 clam
1712 2019 1863 2063 horum
1893 2019 2028 2063 bello·

490 2079 586 2119 sum
627 2078 851 2129 auctores,
893 2076 1080 2120 classem
1111 2076 1235 2122 Rom.
1265 2076 1418 2122 decem
1456 2079 1631 2122 navium
1666 2079 1710 2122 in
1741 2082 1913 2135 portum
1945 2078 2026 2122 Ta·

489 2135 708 2179 reatinum
726 2135 958 2188 invectam,
978 2137 1135 2192 partim
1155 2135 1323 2194 fugant,
1344 2138 1501 2194 partim
1524 2137 1783 2195 deprimunt,
1806 2151 1856 2182 ac
1879 2139 2026 2183 statim

491 2193 700 2238 Thurium
731 2196 905 2251 captum
935 2194 1157 2252 diripiunt.
1262 2215 1265 2217 ·

124 2248 205 2294 281
289 2250 377 2295 473
439 2251 540 2296 Cos.
571 2253 626 2296 L.
658 2254 858 2297 Aemilius
888 2254 1099 2307 Barbula,
1130 2251 1214 2304 ‘Q.
1237 2255 1428 2299 Marcius
1447 2256 1707 2313 Philippus.)
1756 2255 1865 2300 Cum
1896 2256 2027 2316 legati

488 2310 614 2356 Rom.
646 2325 674 2356 a
704 2311 955 2357 Tarentinis
988 2313 1303 2358 contumeliose
1330 2317 1635 2370 tractarentur,
1665 2316 1830 2360 bellum
1859 2315 1925 2360 illi
1953 2329 2028 2374 po-

489 2371 594 2428 pulo
625 2371 854 2426 iudicitur3
886 2371 936 2416 L.
958 2371 1186 2427 Aemilius,
1218 2385 1275 2417 ex
1304 2373 1484 2419 Samnio
1504 2375 1741 2433 profectus,
1774 2375 2028 2420 Tarentino-

469 2442 583 2476 ·rum
615 2431 814 2476 exercitu
843 2432 976 2486 victo,
1007 2445 1137 2490 agros
1168 2432 1381 2477 devastat.
1440 2433 1600 2479 Graeci
1631 2435 1685 2479 ad
1715 2435 1931 2492 1²52·er
1962 2448 2027 2479 re·

489 2493 588 2547 geni
620 2490 756 2547 Epiri,
789 2490 1059 2549 confugiunt,
1092 2492 1181 2548 qui,
1212 2494 1454 2550 praemisso
1487 2492 1636 2547 Cinea,
1669 2507 1770 2538 mox
1799 2494 1896 2551 ipse
1927 2495 2026 2539 sub·

490 2550 720 2620 sequitur&
733 2550 1006 2620 naufragium
1036 2562 1210 2608 passus,
1242 2551 1432 2622 cum-200
1452 2553 1628 2597 circiter
1647 2553 1822 2597 milibus
1843 2553 2025 2597 militum

491 2609 724 2712 “aas
746 2609 1774 2726 z’iffhssssf‘ssfassssssmgffiusslziffffluffgffi
1808 2673 2028 2727 ...tm-

425 2754 430 2759 ›
489 2725 546 2770 ad
582 2726 734 2771 urbem
773 2726 1086 2771 defendendam
1126 2731 1398 2773 sacramento
1435 2734 1656 2786 rogantur.
1727 2730 1864 2787 Legio
1900 2730 2024 2775 Cam·

72 2996 75 2997 γ
104 2922 211 3005 aso
293 2961 381 3005 474
445 2960 478 3005 o

490 2798 623 2842 pana,
667 2785 878 2842 Rheginis
910 2785 965 2829 ad
995 2785 1260 2843 praesidium
1299 2800 1398 2832 oum
1428 2788 1649 2847 praefecto
1681 2790 1815 2833 Decio
1838 2790 2024 2834 Vibellio

488 2843 638 2897 missa,
670 2844 790 2888 cives
821 2843 997 2897 occidit,
1026 2848 1072 2889 et
1101 2845 1252 2889 urbem
1282 2851 1492 2905 occupat:
1522 2849 1823 2906 impunitatem
1845 2849 2023 2893 sceleris

489 2903 535 2946 in
566 2902 636 2947 his
667 2902 774 2959 reip.
805 2904 1022 2960 augustiis
1053 2916 1248 2961 sperans.
1373 2953 1381 2960 ,

482 2973 547 3005 08.
578 2961 630 3005 P.
653 2961 844 3005 Valerius
871 2962 1095 3016 Laevinus,
1141 2964 1231 3007 Tib.
1268 2964 1557 3019 Coruncanius,
1598 2967 1823 3023 municeps
1856 2967 2021 3011 Tuscu-

489 3019 648 3072 lanus.)
699 3019 813 3064 Dum
835 3020 932 3065 Tib.
955 3020 1254 3068 Coruncanius
1285 3024 1331 3067 iu
1361 3023 1536 3069 Etruria
1566 3038 1655 3068 rem
1677 3026 1790 3080 gerit
1810 3029 1853 3069 et
1875 3028 2021 3070 trium-

490 3078 622 3135 phum
665 3078 719 3123 de
750 3079 1099 3125 Volsiniensibus
1136 3094 1186 3125 ac
1217 3082 1519 3127 volcientibus
1549 3087 1693 3140 parat,
1725 3087 1769 3127 et
1807 3084 1854 3128 1..
1881 3085 2021 3128 Aemi·

491 3137 575 3181 lius
605 3149 776 3195 procos.
807 3139 1079 3196 triumphum
1110 3139 1165 3184 de
1187 3140 1438 3185 Tarentinis
1466 3141 1749 3194 Samnitibus,
1782 3142 2020 3187 salentinis

490 3198 641 3251 meret,
671 3195 889 3242 Laevinus
911 3204 1015 3243 cum*
1032 3198 1213 3255 Pyrrho,
1244 3199 1318 3243 diu
1341 3203 1547 3254 moratus,
1578 3201 1633 3245 ad
1655 3202 1898 3245 Hmnclean·
1920 3215 2020 3247 con-

487 3254 622 3311 fligit,
661 3254 742 3300 sed
769 3257 980 3310 vincitur,
1017 3258 1160 3314 captis
1189 3257 1410 3315 plerisque
1447 3260 1680 3317 equitibus.
1756 3260 1869 3314 Rex,
1908 3262 2020 3306 inse-

401 3321 406 3327 ·
490 3316 651 3370 quente
681 3312 891 3367 Laevino,
928 3315 1164 3369 Praeneste
1196 3328 1334 3373 usque
1364 3318 1575 3374 procedit,
1618 3319 1696 3363 sed
1728 3319 1847 3364 nulla
1877 3320 2019 3365 oblata

489 3372 721 3417 occasione
749 3373 814 3417 rei
875 3373 1075 3427 erendae,
1114 3386 1270 3430 agmen
1298 3379 1416 3421 retro
1446 3379 1589 3422 vertit.
1652 3378 1804 3434 Legati
1837 3379 1890 3423 ad
1921 3392 2019 3424 eum

489 3430 543 3474 de
576 3430 764 3487 captivis
931 3431 1055 3477 endis
1086 3433 1211 3477 missi
1243 3433 1290 3478 P.
1323 3433 1495 3480 Cornel.
1529 3437 1765 3488 Dolabella,
1797 3437 1846 3481 C.
1871 3438 2017 3483 Fabri—

489 3490 596 3541 cius,
630 3488 679 3542 Q.
703 3489 915 3534 Aerfllina
935 3491 970 3535 P
1029 3502 1080 3534 us
1111 3493 1230 3548 regis
1259 3492 1517 3539 liberalitate
1546 3508 1631 3539 nou
1654 3497 1896 3541 vincuntur.
1948 3497 2017 3542 Ci-

488 3548 763 3651 gizzhsregis
795 3548 962 3607 legato,
1069 3562 1164 3595 mae
1201 3551 1247 3596 iu
1286 3556 1440 3599 senatu
1470 3556 1638 3600 resistit
1667 3556 1777 3614 App.
1810 3555 2017 3602 Claudius
