2392 4016
345 651 434 697 250

345 888 427 932 251

343 1360 428 1404 252

261 1625 263 1627 ’
342 1651 429 1698 253

342 1829 428 1874 254

342 2479 429 2525 255

342 2597 429 2643 256

344 2714 431 2759 257

1120 227 1297 267 Annales
1328 229 1500 270 Romani

515 381 548 403 u.
562 380 592 402 6.
659 381 744 412 imp.

800 417 890 462 filio
931 418 1210 472 interficitur,
1249 420 1424 464 ineunte
1465 420 1583 477 Sept.
1615 423 1682 466 vel
1715 423 1809 467 Oct.
1843 424 2004 467 Decius
2043 425 2178 468 filium
2219 426 2268 475 Q.

799 478 1046 521 Herennium
1076 479 1294 521 Etruscum
1327 480 1522 522 Messium
1551 482 1723 525 Decium
1755 483 1984 527 Caesarem
2025 498 2075 528 ac
2112 485 2269 540 prinei-

801 550 900 593 pem
931 538 1166 581 iuventutis
1191 538 1392 594 appellat,
1425 539 1565 582 eidem
1587 553 1697 585 anno
1728 543 1866 598 inseq.
1890 544 2165 586 tribuniciam
2196 556 2269 599 po-

801 598 1004 639 testatem
1034 597 1198 640 tribuit.

496 653 608 698 1003
670 654 697 697 2
758 655 919 698 Decius
952 654 1126 707 (iterum
1151 668 1240 699 cos.
1264 669 1362 699 cum
1390 655 1577 700 Maximo
1602 656 1766 712 Grato),
1799 660 2021 715 oppressis
2058 661 2102 702 in
2129 659 2272 704 Gallia

800 714 1099 768 seditionibus,
1132 715 1311 758 Romam
1334 729 1534 759 reversus
1558 729 1731 759 saevam
1760 731 1837 773 per
1867 721 2004 761 totum
2025 720 2127 774 imp.
2150 718 2270 762 Chri·

800 774 1038 816 stianorum
1059 775 1407 830 persecutionem
1423 776 1597 819 excitat.
1630 775 1863 830 Fabianus,
1885 778 2076 834 episcop.
2093 778 2270 831 Romae,

801 833 1014 888 supplicio
1048 833 1242 876 affectus.
1319 870 1329 877 .

496 889 610 933 1004
671 890 698 934 3
758 891 919 934 Decius
950 892 1126 935 tertium
1169 905 1258 936 cos.
1291 905 1390 935 cum
1419 891 1508 935 filio
1542 892 1728 937 Caesare
1764 895 1937 949 Gothos,
1980 895 2271 951 Philippopoli
2351 942 2357 947 ,
2389 944 2392 946 ,

797 951 901 992 urbe
944 953 1091 1006 capta,
1138 951 1367 994 Thraciam
1415 951 1727 1008 depopulantes
1775 954 1998 1010 profligat,
2046 954 2124 997 sed
2169 954 2271 997 dum

801 1009 944 1050 acrius
978 1009 1094 1051 ultra
1106 1009 1359 1052 'Danubium
1380 1013 1520 1066 urget,
1551 1011 1645 1066 ipse
1668 1025 1766 1054 cum
1786 1012 1876 1056 filio
1907 1014 1954 1056 in
1973 1026 2120 1070 pugna
2140 1013 2270 1066 cadit,

797 1069 906 1109 extr.
939 1079 1064 1110 anno.
1125 1067 1356 1111 Exercitus
1394 1069 1436 1110 C.
1470 1069 1629 1111 Vibium
1665 1071 1956 1114 Trebonianum
1993 1072 2155 1115 GALL
2166 1073 2268 1126 UM,

799 1126 1001 1182 Meninge
1033 1126 1197 1179 insula,
1238 1127 1292 1169 ad
1322 1127 1425 1170 litus
1455 1126 1628 1170 Africae
1661 1129 1769 1182 sita,
1802 1131 2050 1184 oriundum,
2088 1132 2270 1188 impera-

797 1187 936 1228 torem
967 1184 1172 1238 declarat,
1205 1186 1278 1241 qui
1309 1185 1435 1229 Decii
1463 1185 1599 1228 filium
1630 1188 1840 1231 minorem
1876 1189 1918 1231 Ο.
1951 1190 2156 1232 Valentem
2182 1192 2271 1233 Ho-

796 1245 1005 1286 stilianum
1055 1245 1268 1301 collegam
1306 1245 1408 1301 imp.
1457 1246 1649 1302 accepit,
1697 1247 1775 1290 sed
1822 1248 1909 1291 cito
1949 1249 2087 1292 morbi
2125 1250 2271 1306 specie

799 1304 990 1347 sustulit.

494 1360 607 1406 1005
672 1362 692 1404 1
761 1361 1044 1406 Consulatum
1092 1362 1205 1420 gerit
1242 1362 1350 1418 Imp.
1385 1361 1434 1406 C.
1466 1363 1620 1406 Vibius
1662 1363 1790 1407 Treb.
1833 1363 1985 1408 Gallus
2024 1365 2068 1408 Π
2106 1363 2273 1418 (fuerat

797 1423 884 1464 iam
916 1422 1014 1464 ante
1048 1434 1138 1465 cos.
1170 1434 1320 1465 mense
1351 1422 1464 1464 Maio
1497 1422 1600 1464 anni
1630 1422 1743 1474 250)
1777 1436 1875 1466 611111
1904 1423 1994 1467 filio
2016 1424 2270 1478 Volusiano,

796 1482 871 1536 qui
900 1495 937 1524 a.
962 1494 1103 1537 super.
1137 1480 1310 1534 Caesar,
1342 1481 1423 1524 hoc
1453 1480 1680 1537 Augustus
1713 1483 1965 1539 appellatur.
2016 1483 2273 1527 Pestilentia

797 1553 876 1595 per
913 1543 1053 1583 totum
1092 1541 1240 1583 orbem
1269 1543 1480 1583 terrarum
1518 1542 1711 1596 grassari
1749 1542 1894 1597 coepit
1923 1555 2063 1597 neque
2095 1543 2269 1596 desinit,

795 1599 883 1641 nisi
912 1601 1014 1654 post
1056 1598 1110 1642 15
1140 1611 1275 1642 annos
1306 1599 1475 1655 ingenti
1504 1599 1726 1642 hominum
1756 1601 2031 1644 multitudine
2063 1603 2270 1646 extincta.

492 1654 604 1698 1006
665 1655 692 1698 2
755 1657 863 1713 Imp.
885 1658 1124 1701 Volusiano
1155 1658 1214 1711 II,
1244 1658 1298 1700 M.
1322 1657 1496 1701 Valerio
1527 1659 1716 1701 Maximo
1747 1672 1837 1702 cos.
1858 1661 2124 1713 Aemilianus,
2155 1661 2270 1704 Moe-

796 1717 887 1759 siae
918 1717 1104 1772 legatus‚
1135 1717 1319 1759 victoria
1350 1717 1402 1759 de
1427 1716 1581 1760 Gothis
1602 1720 1822 1774 reportata
1852 1719 2005 1772 elatus,
2036 1733 2270 1775 purpuram

797 1775 929 1817 sumit
960 1776 1239 1831 exercituque
1271 1778 1422 1818 coacto
1455 1776 1510 1818 ad
1529 1776 1699 1819 Italiam
1728 1777 2023 1833 occupandam
2051 1782 2267 1834 properat.

492 1830 605 1875 1007
667 1831 694 1876 3
763 1833 911 1876 Gallus
942 1847 997 1876 ex
1027 1834 1133 1877 urbe
1162 1833 1384 1890 profectus
1417 1848 1443 1876 a
1471 1835 1683 1878 militibus
1724 1837 1814 1879 suis
1846 1837 2116 1880 Interamnae
2147 1840 2269 1881 inter-

784 1895 956 1946 ficitur,
995 1906 1145 1936 mense
1183 1893 1310 1936 Maio.
1374 1893 1463 1936 Sed
1500 1894 1661 1937 vindex
1700 1907 1799 1937 cum
1835 1895 1921 1951 leg.
1955 1895 2193 1940 Gallicanis
2225 1900 2270 1940 et

798 1951 1128 1996 Germanicanis
1170 1952 1293 1995 adest
1334 1952 1600 2006 Valerianus,
1645 1954 1732 1996 iam
1772 1966 1866 2010 sup.
1900 1967 2012 1997 anno
2043 1954 2269 2012 Augustus

796 2012 1054 2068 appellatus.
1115 2010 1406 2065 Aemilianus,
1448 2014 1678 2068 antequam
1723 2025 1794 2055 res
1834 2013 1888 2055 ad
1918 2027 2071 2057 manus
2110 2015 2270 2069 veniat,

796 2071 848 2114 ab
882 2071 1078 2114 exercitu
1109 2083 1188 2114 suo
1222 2071 1336 2126 apud
1368 2071 1594 2127 Spoletum
1623 2074 1816 2115 necatur.

677 2127 703 2170 2
764 2130 816 2173 Ρ.
838 2131 1027 2172 Licinius
1056 2129 1460 2172 VALERIANUS
1480 2131 1643 2174 Romae
1674 2130 1870 2174 studiose
1899 2134 2107 2188 exceptus
2129 2132 2177 2175 P.
2198 2132 2270 2176 Li-

794 2190 957 2231 cinium
977 2189 1211 2245 Egnatium
1238 2189 1626 2232 GALLIENUM
1643 2189 1782 2233 filium
1813 2191 2140 2247 suumimperii
2169 2204 2271 2235 con·

799 2250 960 2290 sortem
983 2247 1237 2301 declararat,
1269 2261 1320 2291 ac
1343 2249 1593 2304 perturbato
1615 2262 1760 2291 rerum
1778 2250 1925 2302 statui,
1949 2252 2155 2305 quantum
2175 2254 2269 2307 pot·

797 2309 888 2359 est,
927 2307 1092 2350 mederi
1137 2309 1330 2350 conatur.
1391 2307 1492 2362 Ipse
1532 2307 1576 2350 II
1616 2320 1714 2350 cum
1763 2307 1960 2350 Gallieno
2007 2321 2097 2351 cos.
2137 2322 2270 2366 agno-

796 2367 1001 2419 scuntur,
1042 2365 1184 2409 Gallia
1220 2369 1347 2422 atque
1386 2366 1494 2410 adeo
1525 2366 1738 2422 Hispania
1774 2366 2061 2410 Germanorum
2091 2369 2270 2424 popula-

794 2425 986 2468 tionibus
1018 2427 1213 2468 vexatur.

496 2481 610 2526 1008
673 2482 700 2526 3
762 2482 899 2526 Iidem
930 2496 1020 2526 cos.
1052 2483 1310 2527 Valerianus
1342 2482 1422 2536 III,
1457 2483 1682 2527 Gallienus
1714 2483 1788 2535 II.)
1849 2484 1979 2527 Pater
2016 2485 2062 2527 in
2095 2485 2268 2529 Oriente

795 2544 1006 2595 versatur,
1037 2542 1097 2585 fil.
1131 2543 1338 2586 adversus
1369 2543 1576 2586 barbaros
1608 2542 1858 2599 Europaeos
1889 2547 2066 2600 pugnat.

493 2599 606 2644 1009
667 2600 696 2643 4
757 2601 931 2645 Valerio
962 2602 1150 2645 Maximo
1181 2601 1226 2645 II
1257 2605 1300 2645 et
1341 2601 1574 2645 Glabrione
1615 2614 1704 2645 cos.
1739 2601 1963 2646 Gallienus
2014 2603 2083 2646 vel
2123 2604 2269 2660 potius

796 2660 1031 2704 Postumus
1063 2661 1235 2718 legatus
1266 2661 1493 2704 victoriam
1525 2661 1578 2704 de
1608 2662 1783 2703 Francis
1812 2664 2017 2717 reportat.

495 2716 610 2760 1010
670 2716 697 2762 5
760 2718 861 2763 Cos.
893 2719 1001 2776 Imp.
1025 2720 1168 2764 Valer.
1201 2720 1276 2773 IV,
1311 2719 1510 2763 Gallieno
1541 2719 1620 2773 III,
1659 2720 1804 2774 Gothi,
1837 2721 1976 2764 denuo
2006 2723 2271 2777 transgressi

797 2778 1062 2833 Danubium,
1098 2780 1455 2822 Thessalonicam
1487 2779 1660 2835 quidem
1690 2780 1852 2831 frustra
1880 2783 2156 2836 oppugnant,
2194 2781 2271 2824 sed

797 2850 925 2893 agros
963 2851 1041 2894 per
1079 2839 1288 2881 Moesiam
1327 2838 1641 2894 Thraciamque
1686 2840 1880 2892 vastant,
1926 2839 2156 2882 Persarum
2192 2853 2271 2883 rex

797 2896 984 2952 Sapores
1026 2897 1198 2953 Syriam
1236 2899 1462 2953 ipsamque
1501 2896 1777 2940 Antiochiam
1817 2897 2004 2951 invadit,
2043 2900 2087 2941 et
2129 2899 2270 2955 Cyria-

744 3004 747 3010 Ι
797 2957 883 2998 dem
915 2954 969 3009 (1
989 2953 1039 3007 *)
1068 2957 1163 3005 ¹illis
1201 2957 1438 3012 provinciis
1469 2955 1716 3013 Augustum
1754 2957 1950 3013 imponit.
2012 2957 2269 3001 Valerianus

458 3114 510 3168 *)
553 3115 634 3162 Qui
665 3117 716 3155 ab
746 3118 825 3156 hoc
855 3119 950 3156 inde
981 3121 1182 3167 tempore,
1225 3119 1319 3156 dum
1349 3117 1591 3157 Valerianus
1629 3118 1738 3156 bello
1768 3118 1929 3158 Persico
1970 3123 2193 3168 occupatur
2230 3123 2271 3159 et

343 3174 518 3215 Gallieni
555 3177 769 3225 imperium
807 3178 1097 3225 contemnitur,
1145 3189 1170 3215 a
1207 3179 1290 3216 suis
1329 3178 1575 3216 exercitibus
1614 3178 1880 3227 Imperatores
1928 3179 2125 3217 declarati
2163 3183 2266 3226 sunt,

340 3235 465 3284 vulgo
499 3239 698 3274 vocantur
730 3238 897 3286 triginta
937 3238 1114 3287 tyranni,
1156 3248 1238 3285 qua
1269 3237 1546 3286 appellatione
1582 3236 1802 3275 Trebellius
1832 3236 1989 3285 Pollio,
2031 3238 2101 3286 qui
2132 3249 2269 3277 eorum

343 3295 523 3332 omnium
553 3295 661 3332 vitas
692 3295 869 3333 breviter
899 3293 1058 3346 (neque
1089 3297 1299 3335 invenuste
1330 3307 1403 3346 pro
1434 3296 1596 3345 ingenio
1629 3297 1775 3335 aetatis
1807 3294 1928 3347 suae)
1960 3297 2183 3345 descripsit,
2217 3298 2270 3336 ad

344 3354 652 3391 similitudinem
683 3352 993 3393 Atheniensium
1035 3357 1331 3405 triqintavirum
1368 3367 1465 3394 usus
1501 3356 1675 3395 videtur.
1745 3355 1826 3393 Sed
1867 3367 1958 3394 cum
1997 3355 2067 3394 ille
2099 3357 2271 3404 scriptor

342 3424 551 3450 numerum
584 3412 700 3450 suum
733 3414 926 3452 conficere
955 3425 1036 3452 non
1065 3415 1264 3463 potuerit,
1305 3416 1403 3463 quin
1445 3415 1569 3454 etiam
1600 3416 1929 3453 obscurissimum
1968 3426 2165 3463 quemque
2195 3416 2269 3452 im-

342 3475 570 3518 peratorem
600 3476 641 3509 et
672 3483 762 3509 cum
791 3473 976 3521 patribus
1007 3472 1110 3511 filios
1140 3474 1296 3522 imperii
1330 3478 1534 3513 consortes
1563 3475 1606 3512 in
1636 3474 1791 3513 litteras
1822 3475 2016 3520 mitteret,
2058 3485 2132 3511 nos
2170 3474 2268 3511 satis

342 3530 581 3578 habuimus,
622 3532 799 3570 numeris
830 3532 1034 3580 ascriptis,
1078 3533 1223 3579 quibus
1253 3535 1361 3582 apud
1398 3533 1515 3571 illum
1561 3533 1768 3582 leguntur,
1803 3532 2008 3570 -historiae
2037 3531 2153 3569 Rom.
2184 3535 2266 3569 stu-

344 3588 481 3627 diosos
512 3600 558 3627 eo
590 3590 820 3630 amandare.
881 3591 1026 3628 Rerum
1058 3591 1235 3639 ipsarum
1267 3593 1364 3630 ordo
1398 3591 1660 3629 difficillimus
1691 3595 1752 3629 est
1782 3592 1833 3629 ad
1863 3590 2201 3628 constituendum.
