2392 4016
344 117 426 162 114
1113 114 1292 158 Annales
1321 113 1495 156 Romani

342 271 374 294 ‘²'
398 264 482 294 (Ἀπ’
543 271 620 294 u.c.
797 304 926 349 Gens.
957 304 1098 348 denuo
1130 307 1232 361 post
1263 305 1316 348 17
1350 317 1486 349 annos
1526 317 1675 350 mense
1707 305 1890 358 Quintili
1928 307 2064 350 (31·θὸῒὶ
2091 305 2142 350 L·
2169 305 2270 350 Gel'

735 364 820 408 lius
862 364 1108 417 Publicola,
1152 363 1230 407 Cn.
1267 364 1479 407 Lentulus
1523 363 1757 409 Clodianus
1798 378 1995 421 asperam
2041 361 2270 408 censui-am

737 426 892 479 agunt,
932 436 1018 479 qua
1049 423 1104 467 64
1135 426 1381 476 senatores,
1421 424 1535 466 inter
1565 436 1642 468 eos
1671 425 1720 469 P.
1751 424 1985 478 Lentulus,
2034 425 2269 480 superioris

738 482 839 525 anni
871 495 975 535 cos„
1009 485 1163 525 senatu
1184 483 1291 525 moti
1323 484 1440 535 sunt,
1471 484 1516 525 et
1535 482 1720 526 lustrum
1740 484 1946 536 condunt,
1980 496 2063 539 quo
2085 482 2270 526 450000

737 542 856 585 cives
887 541 1027 593 censi;
1059 541 1263 597 princeps
1295 544 1472 584 senatus
1505 540 1664 596 legitur
1698 542 1747 594 Q.
1777 542 1971 594 Catulus,
2005 554 2094 585 cos.
2128 555 2167 585 a.
2196 540 2269 584 78.

735 600 968 655 Pompeius
1008 612 1173 647 mense,
1199 600 1358 643 Sextili
1387 599 1513 643 ludos
1553 601 1722 644 votivos
1762 600 2018 657 magnificos
2056 600 2146 643 edit
2185 600 2270 642 010-

736 659 907 714 phantis
952 658 1315 715 depugnantibus.
1391 658 1648 714 Triumphat
1683 660 1739 702 M.
1778 660 1988 703 LucuUus
2028 659 2270 701 Thracibus

737 717 911 760 domitis
945 730 1000 760 ex
1029 717 1302 770 Macedonia,
1333 717 1379 760 in
1409 729 1538 773 quam
1569 717 1619 760 L.
1653 717 1875 762 Culleolus
1914 718 2142 761 successit.
2204 717 2271 759 Ci-

737 792 825 818 cero
858 775 1011 819 aedilis
1043 776 1133 820 des.
1168 779 1274 820 orat.
1297 776 1503 819 Verrinas
1535 777 1692 832 partim
1722 778 1837 833 apud
1865 773 1933 819 M'.
1958 777 2145 819 Acilium
2169 775 2270 819 Gla-

728 835 928 878 brionem
961 838 1097 890 praet.
1128 835 1464 891 repetundarum
1503 835 1632 879 habet
1669 837 1825 891 partim
1862 837 2027 879 scribit.
2088 836 2137 878 P.
2164 835 2270 878 Ver-

737 894 868 948 gilius
899 894 1018 936 Maro
1055 894 1186 950 poeta
1225 894 1288 937 Id.
1329 894 1438 938 Oct:
1462 895 1658 938 nascitur
1688 894 1885 938 Andibus
1926 895 1972 937 in
2011 907 2115 949 agro
2154 893 2272 936 Man·

733 955 880 994 tuane.

399 1009 453 1051 69
536 1007 622 1052 685
685 1009 785 1052 Cos.
824 1010 872 1058 Q.
913 1010 1182 1062 Hortensius,
1235 1009 1283 1057 Q.
1320 1010 1525 1052 Caecilius
1560 1011 1719 1053 Metell.
1757 1011 1977 1062 Creticus.)
2047 1011 2272 1062 Lucullus,

734 1068 953 1123 Euphrate
992 1069 1176 1135 traiecto
1216 1071 1272 1136 et·
1292 1068 1497 1124 Tigranis
1538 1070 1676 1124 copiis
1718 1070 1903 1125 fugatis,
1945 1071 2271 1126 Tigranocerta,

546 1186 598 1222 38
736 1126 2273 1242 ‘ilssssssniffiffls1uffi'sssssfiss’wffiaqissbfflssbffissssiffissssnclffiiif

524 1242 608 1281 Oic.
739 1245 837 1301 guis
870 1245 1008 1300 copiis
1039 1245 1262 1300 ingentem
1294 1245 1415 1301 Tigr.
1455 1245 1695 1288 exercitum
1733 1245 1888 1289 fundit.
1959 1246 2273 1302 Tigranocerta

736 1317 837 1347 cum
866 1317 1026 1360 magna
1054 1304 1216 1359 praeda
1245 1304 1486 1360 capiuntur.
1537 1303 1734 1347 Siciliam
1765 1305 1974 1348 adversus
2005 1306 2170 1361 piratas
2201 1305 2273 1347 de-

733 1362 872 1405 fendit
900 1363 952 1405 L.
982 1363 1199 1405 Metellus.

784 1422 956 1472 >Romae
994 1422 1256 1465 Hortensius
1306 1433 1396 1464 cos.
1438 1419 1489 1472 Q.
1527 1421 1702 1464 Metello
1744 1422 1938 1479 collegae
1977 1421 2274 1464 Macedoniam

732 1493 853 1536 prov.
886 1480 1015 1533 cedit,
1045 1481 1141 1536 ipse
1172 1480 1300 1522 Italia
1329 1482 1575 1523 contentus.
1629 1481 1858 1537 Templum
1887 1481 2005 1524 Iovis
2037 1480 2274 1536 Capitolini

734 1539 807 1591 (cf.
840 1553 877 1581 a.
901 1539 974 1590 83)
1006 1540 1258 1583 restitutum
1290 1551 1316 1582 a
1347 1538 1397 1590 Q.
1422 1538 1576 1582 Catulo
1608 1540 1846 1583 dedicatur.
1905 1540 1960 1582 M.
1982 1540 2147 1595 Pupius
2169 1539 2272 1582 Piso

710 1612 791 1659 fex
826 1598 952 1654 Hisp.
989 1598 1239 1654 triumphat.
1300 1598 1390 1641 Μ
1435 1599 1573 1641 Cicero
1613 1599 1806 1643 curulem
1844 1599 2110 1642 aedilitatem
2147 1599 2274 1654 gerit,

710 1657 908 1713 collega
937 1657 992 1701 Μ.
1027 1656 1257 1700 CaesoniO.

398 1672 453 1761 68
519 1717 620 1761 686
683 1688 782 1758 Cos.
823 1717 878 1758 L.
917 1716 1122 1758 Caecilius
1156 1716 1352 1758 Metellus
1390 1715 1460 1767 (in
1498 1729 1612 1772 mag.
1651 1716 1770 1759 nullo
1811 1716 1995 1759 suffecto
2034 1714 2274 1768 mortuus),

738 1775 787 1823 Q.
820 1775 1010 1817 Marcius
1041 1775 1147 1817 Rex.
1149 1773 1182 1826 )
1234 1774 1446 1817 Lucullus
1476 1773 1689 1817 Artaxata
1718 1775 1913 1818 ultimam
1943 1774 2173 1818 Armeniae
2205 1788 2275 1817 ur-

734 1835 832 1876 bem
853 1834 1083 1890 petiturus,
1117 1833 1405 1876 seditionibus
1428 1834 1615 1876 militum
1636 1834 1889 1889 impeditur-2
1921 1835 2166 1887 revertitur,
2198 1834 2276 1876 Ni-

736 1893 852 1936 sibin
884 1893 1001 1948 capit
1030 1893 1180 1948 ibique
1211 1891 1432 1937 hibernatz
1465 1892 1569 1935 dum
1597 1893 1764 1937 interea
1784 1893 1941 1946 Mithr„
1971 1893 2098 1949 pulso
2119 1867 2175 1935 M.
2192 1893 2275 1935 Fa-

722 1953 821 2019 bio,
853 1952 1065 1994 minorem
1095 1951 1345 1994 Armeniam
1382 1954 1626 2007 recuperat.
1697 1951 1900 1996 Ciliciam
1941 1965 2062 2008 prov.
2095 1953 2275 1995 sortitur

713 1999 788 2117 ἓξ.
820 2011 1008 2113 Μ81οᾞ3
1048 2023 1137 2054 cos.
1181 2009 1243 2073 C.
1263 2009 1426 2056 Caesar
1463 2013 1718 2076 quaestor
1705 2011 1753 2070 in
1783 2011 1914 2072 Hisp.
1955 2012 2031 2054 ult.
2075 2014 2274 2067 praetore

774 2070 924 2113 ntistio
989 2072 1119 2112 etere.

715 2118 728 2167 l.
796 2128 845 2179 Q.
877 2128 1078 2171 Metellus
1110 2140 1282 2184 procos
1317 2127 1490 2171 Cretam
1520 2129 1636 2172 intra
1666 2129 1901 2172 triennium
1934 2129 2110 2185 subigit.

794 2187 959 2230 Romae
991 2187 1189 2243 collegia,
1223 2199 1333 2242 quae
1366 2187 1574 2234 adversus
1605 2198 1742 2244 remp.
1765 2201 1864 2232 esse
1892 2188 2163 2241 videbantur,
2194 2186 2275 2230 tol-

734 2245 881 2288 luntur
912 2245 993 2298 (cf.
1026 2259 1093 2288 an.
1126 2244 1221 2299 58).

400 2304 455 2347 67
538 2303 622 2347 687
688 2304 788 2348 Cos.
827 2305 871 2347 C.
908 2305 1154 2359 Calpurnius
1183 2305 1297 2356 Piso,
1339 2299 1419 2346 M'.
1448 2304 1612 2347 Acilius
1647 2303 1860 2356 Glabrio.)
1927 2304 2198 2348 Mithridates
2229 2305 2275 2347 in

735 2363 922 2407 Pontum
953 2377 1156 2408 reversus
1189 2363 1238 2407 O.
1272 2363 1487 2406 Triarium
1517 2364 1709 2419 legatum
1749 2364 1805 2406 ad
1833 2364 1937 2406 Irim
1966 2363 2145 2407 fluvium
2175 2377 2274 2406 cum

735 2423 932 2466 exercitu
962 2423 1081 2466 7000
1101 2422 1191 2465 mil.
1215 2421 1359 2465 caedit
1388 2432 1655 2478 regnumque
1677 2436 1805 2466 suum
1833 2423 2001 2478 recipit.
2062 2422 2272 2465 Lucullus

737 2495 837 2525 cum
868 2482 963 2525 adv.
997 2482 1232 2538 Tigranem
1263 2481 1455 2534 duceret,
1488 2495 1514 2523 a
1542 2482 1753 2525 militibus
1786 2482 2012 2535 deseritur,
2044 2482 2273 2538 appropin-

738 2543 897 2596 quante
936 2542 1024 2584 iam
1063 2553 1319 2584 successore
1349 2537 1420 2583 M.
1454 2539 1702 2584 Glabrione.
1771 2541 1984 2597 Tigranes
2014 2541 2148 2596 igitur
2176 2553 2274 2596 pro-

736 2613 915 2656 gressus
949 2599 1269 2656 Cappadociam
1299 2600 1532 2655 populatur
1560 2601 1749 2656 impune.

794 2659 890 2702 Lex
921 2658 1156 2715 Calpurnia
1185 2661 1362 2702 auctore
1393 2661 1549 2702 senatu
1577 2659 1714 2702 fertur
1744 2659 1806 2702 de.
1829 2659 2014 2711 ambitu,
2056 2670 2142 2713 qua
2172 2670 2272 2701 con-

736 2718 938 2760 stitutum
977 2721 1059 2772 est,
1099 2722 1148 2762 ut
1186 2718 1379 2761 damnati
1423 2718 1636 2762 honorum
1673 2718 1885 2775 petitione
1925 2720 1969 2760 et
2010 2719 2164 2760 senatu
2202 2725 2272 2760 ca-

733 2779 895 2819 rerent.

795 2835 847 2878 L.
878 2833 1066 2878 Roscius
1099 2835 1210 2878 Otho
1249 2838 1302 2879 tr.
1333 2835 1394 2891 pl.
1425 2835 1568 2891 legem
1606 2835 1863 2879 theatralem
1898 2834 1951 2878 de
1981 2834 2132 2890 primis
2162 2834 2273 2878 XIV

734 2894 956 2937 ordinibus
995 2894 1092 2936 fert.
1173 2894 1222 2938 C.
1263 2894 1490 2938 Cornelius
1529 2895 1796 2938 tribunatum
1833 2894 1892 2950 pl.
1934 2895 2047 2949 gerit
2083 2894 2272 2936 invisum

737 2953 1032 3009 optimatibus.

795 3013 850 3056 A.
888 3012 1092 3055 Gabinius
1120 3011 1220 3054 trib.
1252 3010 1310 3066 pl.
1342 3011 1485 3067 legem
1515 3010 1691 3066 perfert,
1730 3022 1815 3066 qua
1845 3008 1928 3053 Cn.
1956 3010 2163 3066 Pompeio
2194 3011 2271 3053 im-

737 3073 906 3128 perium
937 3071 1073 3114 totius
1106 3082 1206 3112 orae
1237 3070 1476 3113 maritimae
1496 3070 1744 3125 bellumque
1765 3071 1916 3112 contra
1935 3070 2175 3126 praedones
2198 3083 2272 3126 ge-

737 3131 917 3174 rendum
954 3143 1033 3185 per
1071 3129 1307 3172 triennium
1340 3142 1446 3172 cum
1481 3128 1653 3172 infinita
1689 3131 1905 3184 potestate
1944 3142 1994 3171 ac
2024 3128 2082 3172 25
2114 3129 2270 3185 legatis

736 3190 921 3233 traditur
953 3189 1130 3240 (eadem
1162 3188 1259 3244 lege
1280 3188 1384 3232 Piso
1416 3200 1505 3231 cos.
1531 3187 1717 3231 Galliam
1749 3187 2060 3243 transalpinam
2089 3189 2135 3230 in
2155 3187 2272 3230 idem

735 3251 907 3304 tempus
939 3247 1148 3303 accepit).
1195 3247 1248 3290 Id
1276 3247 1438 3291 bellum
1468 3259 1635 3290 summa
1655 3247 1876 3290 celeritate
1898 3246 2137 3300 conficitur,
2170 3246 2271 3289 dum

737 3310 932 3350 extrema
960 3307 1101 3349 hieme
1133 3308 1364 3362 apparatur
1397 3306 1592 3362 (legatus
1623 3306 1774 3361 Pomp.
1805 3305 1855 3348 L.
1877 3305 2044 3348 Lollius
2075 3305 2270 3361 Cyrenas

711 3366 971 3421 componit,
1004 3366 1221 3420 stipendia
1253 3365 1333 3408 sub
1365 3378 1416 3408 eo
1447 3365 1552 3408 facit
1580 3365 1636 3408 M.
1670 3365 1900 3408 Terentius
1923 3363 2086 3415 Varro)

401 3425 455 3467 66
540 3424 624 3468 688
689 3424 788 3467 Cos.
822 3426 880 3466 M
885 3427 908 3466 '.
947 3424 1148 3466 Aemilius
1184 3425 1392 3477 Lepidus,
1437 3425 1493 3468 L.
1522 3425 1731 3468 Volcatius
1773 3421 1957 3474 Tullus.)
1999 3445 2056 3451 -
2093 3423 2270 3465 ineunte

733 3497 833 3527 vere
866 3483 1116 3538 suscipitur,
1150 3483 1291 3526 media
1322 3486 1487 3527 aestate
1519 3482 1984 3535 absolvitur,‚navibus
2005 3481 2094 3524 400
2115 3481 2269 3523 castel-
