2392 4016
363 196 422 240 90

362 352 391 374 n.
411 342 490 374 chr.
573 353 595 374 u
619 353 639 375 c

395 739 478 783 193
559 740 642 784 561

394 973 477 1017 192
558 973 644 1018 562

394 1383 472 1427 191
556 1384 643 1428 563

1134 198 1313 240 Annales
1342 201 1513 241 Romani

756 387 945 432 dimicat.
999 389 1206 433 Coloniae
1239 391 1397 440 civium
1431 392 1552 435 Rom.
1586 392 1857 436 deducuntur
1888 395 2091 447 Puteolos,
2127 397 2285 439 Vultur-

756 463 860 501 num,
891 449 1114 502 Liternum,
1147 450 1361 492 Salernum
1391 452 1435 494 in
1469 450 1717 508 Campania,
1749 454 1981 495 Buxentum
2014 455 2056 497 in
2080 454 2284 508 Lucania,

754 506 965 561 Sipontum
997 509 1042 550 in
1074 509 1251 564 Apulia,
1299 510 1505 564 Tempsam
1541 511 1823 565 Crotonemque
1859 513 1902 555 in
1935 513 2140 565 Bruttiis;
2190 514 2282 556 Lat.

756 566 952 609 coloniae
982 567 1271 610 decernuntur
1292 569 1476 611 Vibonem
1491 570 1716 612 Valentiam
1744 572 1790 613 in
1812 571 2008 624 Bruttiis,
2048 573 2221 614 Thurios
2242 574 2286 615 in

756 624 962 668 Lucania.
1024 626 1147 669 Alter
1179 639 1267 670 cos.
1292 627 1441 684 Scipio
1464 627 1634 671 Italiam
1664 629 1806 683 habet,
1838 631 2073 686 triumphat
2103 632 2157 673 M.
2178 630 2285 674 Cato

753 696 809 726 ex
838 684 963 740 Hisp.
1004 701 1009 706 ·
1131 722 1134 727 .

709 741 809 785 Cos.
842 743 896 785 L.
934 743 1143 786 Cornelius
1171 745 1352 798 Aser-ula,
1398 745 1451 794 Q.
1482 746 1692 788 fflnucius
1727 747 1922 789 Thermus
1953 747 2047 790 adV.
2080 748 2212 791 Boios
2243 752 2287 791 et

756 801 943 856 Ligures
965 802 1126 845 bellum
1148 807 1318 859 gerunt,
1351 804 1404 848 ad
1427 805 1688 848 Antiochum
1708 805 1870 849 frustra
1891 807 2023 863 legati
2045 808 2285 850 mittuntur.

752 859 911 903 Lustro
942 861 1116 904 condito
1149 875 1174 904 a
1204 875 1323 906 cens.
1356 863 1458 907 Sex.
1491 863 1615 907 Aelio
1636 865 1785 918 Paeto,
1817 864 1867 908 C.
1895 865 2065 909 Cornel.
2093 865 2286 920 Cethego
2361 895 2367 899 -

756 931 888 962 censa
918 921 1000 962 civ.
1020 922 1168 976 >capita
1192 921 1386 975 143704;
1416 923 1620 979 princeps
1644 927 1821 967 senatus
1842 924 1890 967 P.
1910 925 2058 980 Scipio
2078 925 2211 967 Afric.
2231 925 2286 967 II.

709 975 808 1019 Cos.
825 978 880 1020 L.
909 978 1120 1026 Quinctius
1139 981 1406 1034 Flamininus,
1442 981 1514 1024 Cn.
1535 983 1743 1025 Domitius
1761 984 2056 1026 Ahenobarbus
2078 983 2285 1040 Ligurum

757 1047 807 1077 ac
838 1036 1043 1078 Boiorum
1075 1051 1204 1093 agros
1234 1040 1500 1094 pervastant.

812 1094 945 1137 Exitu
985 1097 1087 1138 anni
1124 1094 1421 1139 Anu-iocans
1458 1110 1558 1150 rex,
1598 1111 1624 1140 a
1655 1099 1852 1142 Thoante
1882 1099 2133 1143 Aetolorum
2170 1102 2287 1157 prin·

756 1152 851 1208 cipe
881 1154 1102 1207 incitatus,
1135 1157 1176 1197 in
1203 1155 1419 1198 Graeciam
1450 1159 1619 1199 traiicit.
1680 1157 1825 1200 Aetoli
1844 1157 2176 1212 Demetriadem,
2209 1173 2287 1202 rex

755 1210 1005 1255 Chalcidem
1033 1217 1260 1270 occupant,
1291 1215 1480 1259 Achaeis
1509 1217 1556 1258 in
1576 1215 1773 1262 Romana
1792 1217 2011 1260 >societate
2029 1231 2288 1273 permanen·

754 1271 886 1314 tibus.
954 1271 1007 1315 A.
1039 1272 1200 1317 Atilius
1233 1274 1446 1318 Serranus
1484 1277 1621 1331 praet.
1659 1288 1759 1318 cum
1798 1275 1940 1325 classe
1977 1277 2023 1319 in
2061 1276 2288 1320 Graeciam

755 1331 953 1373 mittitur.
1397 1363 1401 1368 ·

706 1386 805 1431 Cos.
823 1390 873 1432 P.
891 1391 1100 1432 Cornelius
1114 1391 1258 1446 Scipio
1273 1391 1450 1446 Nasica,
1470 1393 1556 1435 Μ’.
1573 1393 1736 1435 Acilius
1756 1393 1942 1447 Glabrio,
1963 1394 2090 1437 homo
2112 1394 2286 1447 novus.)

757 1447 939 1491 Consuli
976 1446 1054 1492 M’.
1085 1449 1228 1494 Acilio
1267 1451 1515 1494 advenienti
1555 1453 1750 1508 iungitur
1779 1453 2028 1509 Philippus,
2069 1455 2286 1497 exercitus

755 1507 880 1550 Rom.
917 1507 1177 1552 Athamania
1213 1510 1259 1552 in
1299 1513 1561 1566 potestatem
1599 1511 1777 1554 redacta
1811 1525 1891 1568 per
1922 1512 2191 1556 Thessaliam
2233 1513 2287 1555 ad

674 1604 681 1608 ,
756 1567 913 1609 saltum
931 1568 1316 1624 Thermopylarum
1346 1571 1503 1626 pergit,
1522 1582 1661 1626 -quem
1691 1583 1770 1613 rex
1800 1571 2033 1624 insederat,
2066 1572 2143 1614 sed
2164 1585 2286 1627 prae-

756 1626 881 1668 sidiis
922 1627 1174 1670 Aetolorum
1212 1641 1302 1684 per·
1327 1629 1382 1671 M.
1425 1628 1633 1672 Catonem
1680 1630 1872 1686 legatum
1913 1629 2174 1673 Callidromo
2215 1631 2286 1673 de-

754 1684 906 1736 iectis,
953 1687 1084 1729 etiam
1121 1688 1268 1742 regiae
1319 1688 1470 1743 copiae
1507 1687 1795 1745 profligantur
1830 1691 1875 1731 et
1913 1688 2122 1732 delentur.
2192 1690 2288 1732 Rex

753 1744 983 1799 praecipiti
1011 1744 1117 1801 fuga
1139 1745 1388 1789 Chalcidem
1410 1750 1454 1789 et
1473 1747 1573 1790 inde
1594 1747 1744 1790 Asiam
1762 1748 1936 1804 repetit,
1968 1749 2154 1791 victores
2177 1749 2287 1791 Pho-

756 1803 910 1854 cidem,
943 1803 1182 1858 Boeotiam,
1214 1805 1436 1848 Euboeam
1466 1809 1713 1862 peragrant,
1744 1806 1846 1849 inde
1867 1808 2044 1859 reversi,
2076 1808 2289 1850 Heraclea

756 1864 1025 1917 expugnata,
1071 1863 1366 1919 Naupactum,
1411 1863 1609 1907 Aetoliae
1647 1867 1798 1920 caput,
1845 1866 2058 1908 obsident.
2119 1866 2287 1909 Aetolis

755 1921 1086 1965 obsecrantibus
1107 1922 1500 1975 induciaedantur,
1533 1924 1690 1979 quibus
1713 1923 1895 1981 Romam
1914 1924 2084 1980 legatos
2107 1925 2159 1967 de
2181 1938 2288 1980 pace

754 1980 940 2022 mittant.
1011 1981 1099 2024 Sed
1127 1981 1290 2024 infecta
1319 1995 1427 2038 pace
1456 1985 1752 2036 revertuntur,
1798 1983 1982 2026 liberum
2013 1983 2066 2026 de
2099 1996 2146 2027 se
2178 1985 2288 2027 arbi-

753 2040 884 2082 trium
915 2041 1087 2083 senatui
1114 2042 1365 2097 permittere
1396 2042 1609 2085 nolentes.
1926 2050 1929 2069 f
2009 2080 2011 2082 .

818 2098 867 2141 Ρ.
901 2098 1128 2143 Cornelius
1167 2113 1257 2143 cos.
1288 2101 1422 2143 Boios
1462 2101 1516 2143 ad
1554 2100 1817 2143 deditionem
1854 2101 1992 2156 adigit
2030 2103 2075 2143 et
2112 2100 2290 2144 dimidia

760 2158 855 2213 agri
873 2160 996 2213 parte
1017 2159 1192 2201 multat:
1225 2172 1276 2201 eo
1297 2160 1436 2215 inseq.
1459 2160 1712 2209 aaeBononia
1733 2160 1815 2203 col.
1832 2160 2071 2202 deducitur.
2121 2160 2289 2202 Trium-

758 2216 870 2272 phus
902 2216 1022 2272 Scip.
1053 2229 1158 2270 cos„
1197 2219 1339 2260 ovatio
1371 2219 1426 2260 M.
1458 2218 1602 2261 Fulvii
1637 2230 1781 2274 propr.
1814 2232 1869 2261 ex
1898 2219 2023 2274 Hisp.
2055 2219 2132 2261 ult.
2204 2220 2288 2262 Ro·

757 2275 976 2318 maeludi
1002 2276 1275 2332 Megalenses
1305 2278 1351 2319 in
1382 2276 1654 2319 dedicatione
1685 2277 1805 2319 aedis
1833 2277 2016 2333 Magnae
2037 2278 2186 2320 Matris
2219 2291 2288 2321 ce-

759 2334 929 2387 lebrati,
961 2335 1035 2390 qui
1063 2335 1193 2390 primi
1222 2335 1360 2378 fuisse
1391 2336 1558 2378 scenici
1586 2335 1830 2389 traduntur,
1869 2336 1964 2378 Liv.
1996 2336 2067 2388 36,
2099 2336 2169 2379 36.

395 2394 480 2436 190
559 2392 646 2437 564
709 2392 810 2437 Cos.
842 2394 897 2435 L.
937 2394 1145 2436 Cornelius
1175 2395 1317 2449 Scipio
1351 2394 1553 2447 (Asiat.),
1590 2395 1634 2437 C.
1666 2394 1904 2446 Laelius.)
1932 2395 1981 2438 L.
2014 2395 2163 2451 Scipio
2195 2408 2286 2438 cos.

762 2453 878 2504 (nam
899 2452 1074 2496 Laelius
1097 2466 1187 2496 cos.
1209 2453 1379 2496 Italiam
1410 2453 1656 2510 acceperat)
1677 2455 1910 2496 comitante
1931 2454 2062 2496 isatre
2083 2454 2287 2497 Africano

760 2511 857 2554 adv.
877 2510 1141 2555 Antiochum
1171 2513 1392 2569 profectus
1426 2513 1590 2556 Aetolis
1621 2513 1778 2555 iterum
1808 2513 1834 2555 6
1856 2514 2069 2556 mensium
2089 2513 2288 2556 inducias

760 2571 847 2624 dat,
877 2571 980 2614 inde
1009 2584 1088 2626 per
1106 2572 1401 2615 Macedoniam
1423 2575 1467 2614 et
1487 2572 1716 2615 Thraciam
1737 2572 2058 2627 Lysimachiam
2078 2573 2287 2627 pervenit,

758 2630 872 2672 unde
902 2630 1167 2686 praesidium
1198 2631 1436 2674 deduxerat
1453 2630 1710 2684 Antiochus,
1739 2633 1969 2686 postquam
1991 2631 2145 2673 classis
2167 2632 2289 2686 regia

759 2689 815 2731 ad
841 2689 1128 2744 Myonnesum
1159 2697 1184 2732 a
1213 2690 1262 2732 L.
1296 2689 1479 2733 Aemilio
1509 2690 1680 2746 Regillo
1710 2692 1846 2745 praet.
1877 2692 1921 2732 et
1950 2690 2141 2732 Eumene
2173 2690 2286 2732 Rho·

759 2748 928 2803 diisque
960 2748 1131 2791 devicta
1162 2751 1242 2791 est.
1302 2749 1487 2792 Romani
1508 2750 1560 2791 <in
1591 2749 1741 2791 Asiam
1770 2748 2005 2800 traficiunt,
2045 2751 2089 2791 et
2118 2750 2287 2804 regium

759 2807 998 2849 exercitum
1026 2806 1116 2849 fere
1147 2807 1296 2851 70000
1316 2809 1536 2850 hominum
1565 2809 1652 2863 ipsi
1681 2808 1830 2851 30000
1859 2807 1915 2850 ad
1934 2809 2194 2862 Maynesiam
2215 2807 2288 2850 de-

755 2866 949 2908 vincunt.
999 2865 1242 2909 Antiochus
1273 2868 1470 2922 protinus
1502 2880 1557 2909 ex
1586 2867 1690 2923 fuga
1720 2867 1888 2922 legatos
1921 2867 1972 2909 de
2002 2879 2110 2922 pace
2139 2867 2286 2918 mittit,

759 2927 803 2967 et
831 2924 1030 2967 inducias
1060 2925 1275 2980 impetrat.
1338 2926 1490 2969 Victor
1519 2927 1752 2978 exercitus,
1784 2925 1941 2968 deditis
1974 2925 2104 2968 Asiae
2137 2926 2285 2967 civita-

757 2984 889 3036 tibus,
909 2983 1159 3039 Magnesiae
1179 2984 1388 3027 hibernat.
1431 2985 1695 3039 Triumphus
1714 2980 1783 3026 Μ’.
1803 2984 1950 3037 Acilii,
1972 2984 2156 3026 defectio
2179 2984 2284 3026 solis

759 3056 797 3085 a.
829 3042 870 3085 d.
892 3042 932 3086 V
960 3042 1024 3085 Id.
1058 3041 1204 3094 Quint.

398 3102 479 3145 189
560 3101 647 3146 565
709 3102 808 3153 Cos.
840 3102 904 3143 M
935 3102 1105 3143 Fulvius
1134 3101 1339 3152 Nobilior,
1377 3101 1447 3143 Cn.
1471 3101 1658 3143 Manlius
1683 3099 1846 3152 Vulso.)
1908 3101 2035 3144 Victo
2070 3100 2285 3144 Antiocho

756 3161 966 3204 tributum
999 3161 1143 3205 15000
1162 3162 1371 3204 talentum
1390 3161 1640 3216 imponitur,
1671 3163 1716 3203 et
1735 3160 1841 3203 Asia
1869 3161 1932 3203 cis
1955 3161 2144 3203 Taurum
2165 3173 2286 3204 mon·
2327 3187 2330 3189 >

759 3223 847 3263 tem
879 3219 1094 3272 adimitur,
1127 3221 1251 3263 cuius
1282 3220 1420 3262 maior
1447 3231 1549 3275 pars
1570 3219 1768 3272 Eumeni,
1801 3219 1938 3275 Lycia
1959 3222 2002 3262 et
2025 3220 2152 3263 Caria
2173 3221 2286 3262 Rho-

760 3279 843 3322 diis
876 3278 1013 3330 datur,
1046 3279 1174 3322 urbes
1199 3278 1390 3322 Graecae
1420 3279 1466 3320 in
1497 3279 1740 3321 libertatem
1770 3279 2057 3322 restituuntur
2082 3278 2196 3331 (Liv.
2213 3279 2284 3331 37,

694 3342 715 3369 -’
760 3337 816 3382 55
839 3335 971 3392 seq.).
1030 3329 1112 3380 Cn.
1144 3339 1329 3381 Manlius
1369 3350 1601 3381 successor
1630 3338 1679 3380 L.
1713 3338 1910 3394 Scipioni
1939 3338 2100 3382 missus
2134 3338 2286 3381 Gallo-

762 3396 1027 3440 Graecorum
1055 3399 1145 3439 tres
1178 3399 1330 3453 gentes
1360 3397 1474 3440 bello
1504 3397 1791 3453 persequitur,
1829 3397 1907 3440 sed
1937 3398 2107 3453 culpam
2139 3398 2285 3453 negle-

761 3459 856 3499 ctae
889 3455 1143 3510 disciplinae
1174 3457 1372 3499 militaris
1403 3455 1500 3498 fert.
1562 3455 1735 3498 Interea
1764 3457 1825 3509 M.
1850 3456 2045 3509 Fulvius,
2083 3457 2128 3498 in
2160 3457 2283 3500 cuius

761 3514 968 3563 comitatu
999 3517 1091 3556 erat
1122 3515 1171 3571 Q.
1202 3516 1368 3558 Ennius
1399 3518 1541 3573 poeta,
1572 3515 1804 3558 Ambracia
1833 3517 1973 3573 capta,
2006 3515 2181 3558 tandem
2201 3516 2283 3558 Ae-
