2392 4016
327 221 383 269 68
1095 214 1272 256 Annales
1303 214 1474 254 Romani

331 369 456 402 a.0hr.
525 376 605 400 u.‹:.
721 423 836 453 oram
858 409 973 453 Latii
1003 407 1226 461 infestant,
1259 419 1438 462 eamque
1470 405 1654 455 fortasse
1685 404 1740 446 ob
1774 416 1946 446 causam
1971 401 2122 444 foedus
2147 415 2244 443 cum

722 469 1153 525 Carthaginiensibus
1185 469 1317 510 ictum
1350 469 1428 508 est.
1802 508 1804 510 ,

357 533 441 577 347
522 531 608 574 407
673 528 772 572 Cos.
813 529 859 570 T.
893 529 1080 569 Manlius
1116 528 1319 581 I‘nwerios.
1359 525 1495 578 Torq.‚
1542 523 1584 564 C.
1621 522 1963 563 Plautiusl'enno
2000 520 2253 575 Hypsaeus)

722 587 1064 630 Semunciarium
1096 586 1220 628 fenus
1251 586 1301 627 fit
1331 597 1386 626 ex
1418 582 1625 626 unciario.

358 650 444 694 346
529 648 617 692 408
680 646 780 690 Cos.
813 646 876 687 M
905 647 1094 688 Valerius
1120 645 1271 687 Corvus
1292 644 1365 696 ΙΙ,
1407 643 1451 684 C.
1484 642 1690 685 Poetelius
1710 640 1818 682 Libo
1846 639 2007 680 Visolus
2028 638 2117 689 II.)
2168 638 2255 680 Λιι-

721 705 891 747 tiatium
923 707 966 747 et
987 705 1258 756 Volscorum,
1289 702 1472 758 populos
1506 700 1684 743 Latinos
1717 699 1769 741 ad
1802 698 1960 740 bellum
1998 711 2095 739 cum
2132 698 2253 739 Rom.

724 764 1066 816 sollicitantium,
1099 765 1280 805 conatus
1304 761 1485 804 Satrico.
1505 761 1632 815 capto
1663 760 1706 800 et
1728 770 1878 799 everso
1902 757 2254 811 comprimuntur.

581 829 584 832 ⁴
723 822 863 865 Alteri
893 822 985 865 ludi
1015 822 1260 866 saeculares
1292 820 1407 862 facti.

331 883 447 932 *345
527 883 614 926 409
679 880 779 924 Cos.
811 881 874 923 M
909 883 1065 923 Fabius
1094 882 1244 934 Dorso,
1292 880 1384 921 Ser.
1417 879 1627 932 Sulpicius
1662 876 1896 917 Camerinus
1927 875 2088 929 Rufus,
2133 875 2258 917 ambo

726 940 930 996 patricii.)
974 940 1098 982 Bella
1128 952 1223 984 cum
1247 938 1464 981 Auruncis
1496 940 1540 979 et
1556 935 1729 979 Volscis
1762 934 1876 976 facto
1909 935 2036 976 etiam
2061 934 2108 975 L.
2128 934 2258 975 Furio

729 998 910 1040 Camillo
933 998 973 1039 II
1007 999 1221 1040 dictatore
1251 996 1352 1049 (Cn.
1375 995 1546 1039 Manlio>
1566 994 1705 1050 Capit.
1733 993 1887 1048 Impcr.
1923 1006 2035 1049 mag.
2068 993 2155 1048 eq.)
2187 1007 2258 1045 ge-

725 1059 892 1109 runtur,
925 1069 980 1098 ex
1011 1057 1167 1111 quibus
1201 1056 1310 1098 Sora
1340 1055 1395 1097 ad
1424 1054 1558 1097 Lirim
1592 1053 1774 1108 capitur.

362 1118 448 1161 344
528 1116 616 1159 410
678 1113 778 1157 Cos.
817 1115 1070 1162 C..Marcius
1091 1115 1259 1156 Rutilus
1282 1114 1369 1165 III,
1407 1113 1453 1155 Τ.
1473 1113 1658 1156 Manlius
1678 1112 1888 1164 Imperios.
1918 1111 2150 1164 Torquatus
2172 1110 2260 1162 II.)

726 1173 870 1216 Aedes
902 1173 1100 1216 Monetae
1139 1174 1187 1216 in
1226 1171 1411 1228 Capitol.
1451 1171 1664 1215 dedicata.
1736 1169 1785 1211 P.
1808 1169 2007 1212 Valerius
2040 1171 2262 1225 Poplicola

730 1233 848 1285 diet„
881 1232 930 1284 Q.
961 1233 1123 1276 Fabius
1155 1230 1393 1274 Ambustus
1425 1243 1538 1286 mag.
1571 1242 1653 1284 eq„
1684 1227 1910 1284 religionis
1943 1241 2087 1271 causa.

335 1290 451 1335 *343
533 1291 616 1333 411
683 1291 783 1335 Cos.
816 1292 880 1333 M.
908 1292 1097 1334 Valerius
1133 1292 1285 1332 Corvus
1314 1290 1412 1342 III,
1458 1290 1512 1330 A.
1547 1289 1703 1330 Cornel.
1741 1287 1889 1329 Cossus
1919 1289 2098 1339 Arvina,
2138 1288 2262 1329 ambo

728 1351 900 1406 patricii
938 1364 1016 1406 per
1054 1352 1294 1406 interreges
1334 1349 1482 1392 creati.
1556 1346 1787 1402 Campani,
1829 1349 2005 1402 propter
2045 1346 2262 1389 Sidicinos

730 1410 900 1452 adiutos
941 1423 967 1451 a
1006 1409 1272 1453 Samnitibus
1314 1408 1429 1452 bello
1468 1407 1593 1463 petiti
1631 1410 1676 1448 et
1716 1406 1840 1457 victi,
1882 1405 2087 1447 Romanis
2129 1405 2263 1458 (adde

732 1469 862 1511 etiam
903 1469 1066 1511 nomini
1105 1467 1288 1520 Latino)
1338 1481 1384 1510 se
1425 1467 1469 1508 in
1512 1465 1724 1510 dicionem
1768 1464 1943 1507 dedunt.
2012 1465 2134 1506 Missi
2174 1477 2264 1507 cos.

708 1541 832 1569 cum
864 1528 1127 1570 exercitibus
1159 1527 1358 1571 Valerius
1389 1526 1595 1567 Samnites
1626 1524 1681 1566 ad
1711 1526 1898 1566 montem
1924 1524 2113 1566 Gaurum
2147 1537 2264 1566 acer-

732 1587 841 1629 rimo
872 1586 1036 1642 proelio
1069 1586 1216 1638 vincit,
1251 1585 1479 1628 Cornelius
1510 1585 1556 1626 in
1577 1583 1754 1626 Samnio
1776 1583 2117 1625 circumventum
2142 1595 2263 1624 exer-

735 1646 867 1688 citum
898 1646 1063 1701 insigni
1093 1645 1141 1688 P.
1165 1645 1301 1696 Decii,
1340 1644 1449 1691 trib.
1470 1643 1577 1695 mil„
1614 1641 1868 1685 fortitudine
1901 1645 2065 1684 servat:
2108 1642 2261 1684 iterum

395 1751 398 1754 ,
735 1703 936 1746 Valerius
967 1704 1116 1752 hostes
1149 1704 1201 1746 ad
1234 1703 1487 1746 Suessulam
1518 1700 1734 1757 profligat.

370 1761 456 1805 342
534 1761 621 1803 412
685 1761 785 1805 Cos.
824 1762 868 1803 0.
902 1763 1090 1804 Marcius
1120 1763 1291 1804 Rutilus
1319 1763 1404 1813 IV,
1442 1761 1490 1810 Q.
1523 1761 1725 1802 Servilius
1755 1759 1897 1800 Ahala
1927 1758 2043 1810 III.)
2090 1760 2265 1812 Milites,

737 1821 810 1876 qui
841 1821 896 1863 ad
928 1821 1120 1877 Capuam
1148 1821 1494 1872 hiber-navarent,
1537 1819 1749 1862 seditione
1779 1817 1916 1870 facta,
1958 1819 2137 1860 Romam
2168 1832 2264 1874 pro-

734 1879 1001 1923 ficiscuntur.
1076 1881 1325 1923 Restituitur
1369 1880 1585 1923 concordia
1621 1891 1699 1933 per
1735 1877 1789 1919 M.
1819 1877 2040 1936 Valerium
2080 1877 2265 1920 Corvum

708 1992 717 1997 q
738 1938 840 1982 dict.
881 1939 954 1990 (L.
985 1938 1218 1982 Aemilium
1247 1938 1556 1982 Mamercinum
1585 1937 1879 1989 Privernatem
1921 1949 2033 1991 mag.
2074 1949 2140 1991 eq.
2152 1935 2183 1989 )‚
2225 1940 2268 1993 et

737 1999 927 2050 cavetur,
958 2011 1012 2040 ne
1044 1999 1140 2054 quis
1173 1997 1355 2040 eundem
1387 1997 1686 2052 magistratum
1716 1995 1831 2037 intra
1865 1993 1920 2037 10
1941 2007 2076 2038 annos
2109 1996 2264 2051 capiat,

738 2070 822 2098 neu
854 2057 962 2099 dnos
994 2059 1188 2113 magistr.
1220 2069 1306 2099 uno
1338 2068 1450 2102 anno
1473 2057 1609 2111 gerat,
1641 2055 1790 2109 utique
1812 2066 1898 2096 non
1922 2054 2063 2096 solum
2085 2055 2265 2096 alterum

739 2128 858 2158 cons.
899 2129 954 2157 ex
994 2116 1120 2170 plebe
1160 2116 1296 2158 creari
1337 2116 1557 2170 oporteat,
1595 2113 1673 2159 sed
1712 2113 1840 2157 etiam
1882 2113 2030 2155 ambos
2070 2113 2265 2168 plebeios

737 2174 874 2216 creari
920 2174 1063 2216 liceat.
1131 2175 1288 2222 ⁴Fenus
1337 2186 1462 2215 omne
1511 2172 1727 2217 sublatum
1773 2173 2000 2226 rogatione
2055 2172 2264 2224 Genusia,

734 2232 828 2274 Liv.
862 2232 903 2284 7,
935 2231 1007 2275 42.
1888 2263 1890 2265 .

370 2291 452 2334 341
536 2291 624 2334 413
686 2290 794 2332 ΟΟΒ.’
831 2291 874 2332 C'.
907 2291 1099 2332 Plautius
1123 2291 1255 2332 Venno
1291 2291 1506 2345 Hypsaeus
1542 2289 1613 2342 II,
1664 2290 1715 2330 L.
1747 2290 1947 2330 Aemilius
1990 2289 2266 2331 Mamercinus

735 2350 968 2391 Privernas.
1037 2350 1282 2405 Interreges
1315 2350 1435 2391 exitu
1466 2348 1598 2399 anni.)
1673 2347 1781 2390 Cum
1810 2347 2078 2390 Samnitibus
2111 2348 2264 2391 foedus

738 2421 787 2450 ac
812 2409 1000 2451 societas
1022 2408 1084 2460 fit,
1115 2409 1256 2464 iisqne
1276 2408 1551 2463 permittitur,
1584 2409 1633 2448 ut
1654 2406 1860 2449 Sidicinis
1882 2407 2043 2449 bellum
2065 2407 2263 2449 inferant.

737 2467 953 2509 Omissum
985 2467 1144 2510 bellum
1174 2468 1319 2510 Latini
1350 2469 1393 2510 et
1423 2466 1634 2521 Campani
1662 2466 1920 2520 suscipiunt,
1950 2466 2063 2508 hand
2095 2467 2267 2510 occulte

737 2525 1023 2576 defectionem
1054 2540 1079 2568 a
1108 2526 1315 2568 Romanis
1346 2525 1588 2568 molientes.

372 2584 460 2628 340
537 2585 624 2627 414
688 2584 788 2628 Cos.
825 2585 872 2627 T.
895 2586 1082 2627 Manlius
1103 2586 1250 2640 Imper.
1287 2585 1482 2638 Torquat.
1505 2585 1594 2636 III,
1633 2580 1705 2625 *P.
1727 2584 1883 2626 Decius
1906 2583 2042 2633 Mus.)
2078 2584 2265 2627 Senatus

737 2656 922 2699 pop.que
961 2635 1352 2706 Romlpostulatis,
1390 2643 1664 2694 Latinorum,
1705 2644 1754 2684 ut
1791 2642 2017 2699 consulum
2066 2643 2174 2685 alter
2213 2657 2267 2685 ex

736 2702 904 2745 Latinis
937 2706 1120 2754 creetur,
1152 2704 1436 2746 exacerbatus
1466 2702 1630 2746 bellum
1659 2702 1714 2744 iis
1744 2701 1902 2743 inferre
1935 2702 2099 2743 statuit.
2164 2701 2265 2744 Cos.

736 2774 814 2816 per
843 2761 952 2805 fines
975 2762 1233 2804 Samnitium
1263 2762 1309 2805 in
1331 2761 1536 2817 Campan.
1558 2759 1911 2816 proficiscuntur:
1945 2761 2080 2802 atroci
2131 2761 2266 2804 roelio

735 2819 763 2862 h
793 2819 850 2861 ud
910 2821 1031 2879 rocnl
1059 2821 1279 2881 radicibus
1294 2819 1663 2881 Vesuui-*montis
1682 2813 1977 2888 „Qaeviffiflc
1992 2813 2184 2863 Veserim
2206 2813 2266 2863 le-

736 2891 783 2920 re
816 2892 840 2919 a
862 2911 872 2930 ,
922 2871 1208 2930 actosTmtsfii
1239 2872 1539 2935 ef‘Campani,
1561 2853 1775 2920 pfssemo
1807 2873 2045 2920 &vovente
2079 2891 2141 2931 se,
2174 2893 2265 2922 vm-

691 2934 1466 2993 ‘mammem-*mu
1480 2936 1887 2993 ‘praeter-”Antiates
1920 2949 1967 2979 se
1998 2937 2295 2990 dedum-ef

737 2996 973 3039 multantur
1002 3009 1202 3051 agrorum
1233 2999 1368 3052 parte,
1402 2997 1502 3038 dum
1527 2995 1735 3051 Campani
1773 2995 1941 3050 equites
1982 2996 2158 3038 civitate
2191 2997 2264 3039 do-

738 3057 906 3097 nantur.
953 3055 1003 3097 L.
1034 3055 1234 3110 Papirius
1268 3054 1467 3107 Crassus,
1500 3055 1574 3109 qui
1603 3057 1695 3096 tum
1725 3056 1898 3108 praetor
1928 3056 2033 3107 erat,
2067 3055 2168 3097 dict.
2202 3056 2263 3098 di-

739 3116 850 3166 ctus,
882 3113 931 3155 L.
963 3113 1161 3168 Papirius
1195 3113 1357 3156 Cursor
1386 3126 1500 3171 mag.
1533 3125 1599 3167 eq.

371 3171 457 3216 339
537 3172 624 3217 415
686 3171 786 3215 Cos.
824 3172 915 3213 Tib.
948 3172 1146 3214 Aemilius
1176 3173 1430 3225 Mhmercim,
1461 3171 1538 3220 *Q.
1562 3172 1767 3213 Publilius
1786 3170 1949 3221 Philo.)
1981 3170 2159 3227 Aliquot
2190 3185 2265 3228 po-

737 3229 953 3286 puliLat.
984 3231 1216 3284 rebellant,
1246 3243 1355 3287 quos
1385 3231 1596 3273 Aemilius
1629 3243 1718 3273 cos.
1752 3230 1907 3282 vincit,
1949 3243 2087 3286 neque
2120 3234 2263 3273 tamen

736 3288 922 3341 Pedum,
961 3293 1092 3345 caput
1121 3291 1238 3342 belli,
1269 3303 1422 3345 capere
1459 3291 1617 3345 potest.
1693 3289 1741 3337 Q.
1773 3289 2000 3341 Publilius,
2041 3303 2066 3331 a
2097 3290 2266 3346 collega

684 3365 687 3368 ¹
736 3348 931 3403 patribus
969 3348 1139 3391 infenso
1170 3349 1356 3392 dictator
1394 3349 1558 3401 dictus,
1605 3348 1682 3400 (D.
1713 3348 1864 3391 Iunius
1903 3348 2064 3391 Brutus
2098 3349 2267 3392 Scaeva

735 3420 848 3462 mag.
889 3406 980 3461 eq.)
1021 3408 1158 3451 tribus
1197 3409 1353 3463 leyibus
1392 3408 1514 3460 latis,
1555 3407 1694 3463 plebis
1733 3407 1966 3462 populique
2004 3410 2263 3463 potestatem

614 3484 636 3521 χχ
736 3468 878 3521 auget.
947 3464 1059 3507 Nam
1089 3467 1303 3510 sancitum
1335 3470 1404 3510 est
1433 3467 1591 3522 prima,
1632 3468 1681 3507 ut
1717 3466 1946 3521 plebiscita
1977 3477 2126 3509 omnes
2165 3467 2265 3518 Qui-

734 3524 840 3567 rites
871 3526 1081 3575 tenerent,
1114 3526 1264 3577 altera,
1292 3528 1341 3567 ut
1370 3526 1530 3581 legum,
1562 3537 1672 3580 quae
1694 3525 1881 3568 comitiis
1904 3525 2156 3568 centuriatis
2183 3526 2262 3568 fer-
