2392 4016
618 214 671 256 ab
704 229 809 256 anno
841 226 882 266 p.
905 213 1000 256 Chr.
1032 213 1090 255 44
1122 228 1245 265 usque
1277 211 1331 256 ad
1362 227 1511 255 atinum
1545 213 1615 256 52.
2004 209 2084 261 147

143 366 239 409 μῦ.
306 372 392 398 me.
440 363 527 404 imp.

598 406 820 462 Herodes,
860 420 940 452 rex
972 406 1208 461 Chalcidis,
1239 407 1423 452 moritur
1450 411 1581 465 atque
1617 409 1662 451 in
1696 406 1898 452 Iudaeam
1931 408 2082 453 Venti-

596 466 696 511 dius
729 466 952 512 Gumanus
985 469 1241 524 procurator
1271 467 1472 511 mittitur.

173 529 231 574 49
297 528 384 574 802
459 527 486 572 9
564 525 668 572 Cos.
691 525 739 570 0.
761 526 996 584 Pompeius
1018 525 1244 583 Longinus
1268 525 1437 580 Gallus,
1469 524 1520 578 Q.
1539 525 1751 570 Veranius
1776 525 1944 582 Nepos:
1978 526 2085 571 Tac.

602 585 716 629 Ann.
753 585 820 640 12,
853 584 1051 639 5—24.)
1111 585 1204 630 Iam
1233 587 1435 642 paratum
1463 584 1546 628 fuit
1577 597 1734 628 novum
1767 586 2085 629 matrimonium

598 658 699 690 cum
730 646 982 702 Aqrippina,
1027 643 1279 689 Germanici
1324 643 1436 699 filia,
1482 644 1680 701 quamvis
1736 643 1906 699 legibus
1954 645 2085 688 inter-

598 704 787 758 dictum,
825 707 870 748 et
899 706 1103 757 senatus,
1144 708 1324 748 auctore
1354 703 1404 747 L.
1427 703 1630 756 Vitellio,
1671 705 1816 746 vetere
1848 703 2085 756 adulatore,

597 764 685 808 vim
718 776 766 808 se
798 763 1094 808 adhibiturum
1131 762 1322 819 principi
1361 762 1559 816 simulat,
1599 762 1644 806 ni
1683 762 1910 806 acceleret.
1978 762 2085 807 Eius

599 823 666 867 rei
694 835 829 867 causa
850 821 1016 873 SCtum
1045 820 1096 865 fit
1126 821 1179 865 de
1201 822 1329 866 iustis
1351 822 1465 866 inter
1484 824 1663 879 patruos
1686 821 1952 878 fratrumque
1973 820 2085 866 filias

600 880 1409 992 ἓὲἷέῗέηέῑὶἳδὲῗῐῑέῗ8ἓηῖῑὸῬῖἳὲ
1441 881 2085 997 {⁰⁸53xmzi-’5332’53302333

600 1001 729 1057 pinae
760 1013 816 1045 ex
837 1001 982 1058 priore
1002 1000 1157 1044 marito
1178 999 1284 1054 filio,
1315 999 1610 1057 despondetur
1629 999 1824 1052 Octavia,
1854 974 1965 1056 quae
1987 1012 2084 1043 cum

601 1062 731 1104 antea
762 1072 926 1117 sponsa
965 1059 1122 1103 suisset
1152 1059 1201 1103 L.
1236 1059 1408 1113 Silano,
1449 1060 1488 1103 is
1527 1060 1615 1103 iam
1645 1059 1674 1102 4
1708 1058 1799 1102 Gal.
1834 1059 1923 1101 Ian.
1957 1059 2084 1102 huius

598 1119 702 1163 anni
732 1121 888 1163 senatu
918 1131 970 1163 ac
991 1122 1208 1175 praetura,
1241 1131 1371 1175 quam
1403 1119 1596 1175 gerebat,
1628 1118 1840 1175 expulsus
1872 1118 1958 1162 sibi
1989 1119 2084 1175 ipse

599 1191 775 1225 manum
805 1178 937 1222 infert
967 1177 1037 1222 die
1060 1179 1310 1235 nuptiarum
1330 1178 1612 1235 Agrippinae.
1660 1178 1844 1230 Seneca,
1876 1178 1929 1221 ab
1952 1177 2084 1221 exilio

599 1240 847 1291 revocatus,
878 1250 982 1281 mox
1012 1240 1218 1294 praetura
1249 1240 1443 1291 ornatus,
1479 1238 1642 1289 iuveni,
1684 1237 1921 1280 maioribus
1953 1237 2083 1280 rebus

602 1297 837 1351 destinato,
878 1300 1100 1353 tamquam
1130 1299 1277 1341 rector
1308 1296 1552 1341 studiorum
1583 1296 1847 1352 adiungitur.
1914 1296 1951 1338 A
1983 1295 2086 1338 Par-

601 1356 704 1410 this,
737 1369 947 1401 novarum
969 1369 1113 1400 rerum
1135 1356 1322 1413 cupidis,
1354 1355 1625 1399 Meherdates
1648 1355 1787 1398 Roma
1806 1368 1885 1397 rex
1905 1355 2084 1407 accitur,

605 1415 920 1472 deduciturque
960 1429 987 1458 a
1018 1414 1067 1459 0.
1101 1414 1256 1460 Cassio
1287 1415 1512 1472 Longino,
1550 1415 1626 1471 qui
1655 1417 1747 1457 tum
1780 1413 1934 1469 Syriae
1963 1426 2086 1470 prae·

22 1544 42 1616 ἰ
602 1478 727 1578 ἓῗὲε
741 1475 1054 1590 “atzam‘'
1074 1487 1180 1577 325⁰
1191 1473 2087 1589 1332‘22233533‘csssstisspi‘zt‘ffigffihgss‘

600 1593 789 1637 ducitur.

23 1617 35 1664 b
175 1651 235 1698 50
295 1651 384 1697 803
449 1651 505 1696 10
565 1650 666 1696 Cos.
686 1651 735 1696 0.
756 1651 976 1696 Antistius
997 1651 1137 1696 Vetus
1159 1650 1216 1705 ΙΙ,
1247 1651 1302 1695 M.
1326 1650 1510 1695 Suillius
1535 1650 1809 1694 Nerullinus:
1844 1650 1948 1693 Tac.
1972 1650 2085 1694 Ann.

160 1762 162 1764 ,
604 1711 681 1765 12,
712 1711 939 1762 25—40.)
1011 1709 1243 1764 Claudius,
1283 1710 1496 1754 Pallantis
1538 1714 1583 1754 et
1610 1710 1880 1766 Agrippinae
1920 1710 2085 1753 artibus

16 1747 45 1826 ,Ῑ-
599 1771 773 1824 ductus,
804 1771 911 1828 reip.
945 1770 1118 1814 scilicet
1148 1782 1295 1823 causa,
1327 1769 1561 1822 Neronem,
1594 1769 1857 1826 privignum,
1891 1769 2083 1825 adoptat,

598 1830 849 1887 posthabito
892 1842 972 1873 suo
1011 1829 1152 1885 ipsius
1190 1827 1280 1872 filio
1311 1828 1588 1881 Britannico,
1628 1828 1693 1871 illi
1732 1828 1920 1871 triennio
1951 1828 2085 1871 ferme

601 1889 778 1933 minore.
850 1888 899 1932 In
927 1888 1155 1932 Britannia
1191 1887 1431 1932 fortissima
1461 1900 1571 1945 gens
1601 1887 1794 1931 Silurum
1826 1888 1880 1931 ab
1911 1887 2085 1931 Ostorio

601 1949 804 2002 vincitur,
845 1960 1080 2004 eorumque
1120 1947 1210 1991 dux
1241 1946 1507 1992 Caractacus
1541 1961 1579 1990 a.
1610 1947 1749 2003 inseq.
1782 1946 1965 2002 capitur.
2034 1946 2086 1989 In

602 2006 748 2052 Germ.
782 2007 1005 2064 superiore
1029 2006 1255 2051 Cattorum
1285 2006 1518 2050 tumultum
1549 2009 1725 2050 coercet
1747 2005 1794 2048 P.
1815 2005 2084 2062 Pomponius

602 2066 856 2120 Secundus,
895 2067 1067 2123 legatus
1103 2065 1244 2119 Caes„
1277 2065 1450 2110 celeber
1480 2066 1575 2109 eius
1607 2065 1764 2108 aetatis
1795 2066 1938 2121 posta.
2003 2064 2085 2120 Sy-

8 2133 44 2183 Q
606 2127 698 2171 riae
728 2128 906 2184 propter
937 2129 1100 2169 metum
1130 2125 1402 2178 Parthorum,
1435 2124 1511 2180 qui
1532 2123 1719 2169 Gotarze
1751 2122 1921 2167 mortuo
1942 2123 2086 2166 Vono-

602 2199 716 2239 nem,
750 2188 843 2230 tum
864 2185 1307 2242 Vologesemregem
1339 2184 1595 2237 habuerunt,
1627 2182 1878 2240 praeficitur
1910 2182 1958 2226 C.
1984 2182 2086 2227 Um-

31 1512 37 1543 ,«
30 1465 34 1481 ,
10 1272 38 1398 ..s-as.
20 1009 42 1254 ..a-1.,....2..-,

34 2216 51 2322 k
600 2244 760 2289 midius
791 2244 997 2289 Durmius
1030 2243 1274 2297 Quadratus
1306 2243 1493 2300 legatus.
1540 2243 1592 2287 In
1615 2241 1760 2287 Germ.
1794 2242 1869 2285 inf.
1904 2242 2085 2286 Colonia

603 2303 939 2362 Agrippinensis
971 2303 1213 2348 deducitur.

35 2332 48 2428 ξ
176 2362 230 2409 51
294 2363 383 2414 804
448 2363 499 2408 ll
566 2362 667 2408 Cos.
700 2362 908 2407 Claudius
938 2362 1047 2420 Imp.
1069 2362 1124 2416 V,
1157 2362 1251 2406 Ser.
1286 2361 1516 2406 Cornelius
1550 2359 1726 2412 Orfitus,
1759 2359 1856 2403 suff.
1891 2358 1939 2403 0.
1962 2359 2085 2403 Mini-

19 2445 55 2496 ,g
601 2423 695 2467 cius
716 2422 969 2476 Fundanus,
1002 2421 1052 2466 0.
1069 2421 1328 2465 Veitennius
1350 2420 1556 2472 Severus,
1590 2418 1681 2463 Cal.
1706 2418 1814 2462 Nov.
1848 2419 1899 2461 Τ.
1920 2418 2085 2474 Vespa·

21 2497 51 2533 ‘t
601 2483 774 2526 sianus:
817 2481 922 2525 Tac.
953 2480 1066 2525 Ann.
1087 2477 1443 2549 ‘12‚·41—51.)·
1499 2477 1693 2546 Orientis
1729 2491 1799 2546 res
1841 2477 2084 2533 perturbari

40 2541 54 2668 i
602 2543 814 2653 3233&
845 2540 1156 2651 &wlizi
1190 2538 1607 2653 usticiam
1638 2536 2085 2650 fflslffsssszssgfflzt

601 2659 860 2704 Parthorum
890 2670 982 2710 rex,
1014 2660 1060 2701 et
1090 2656 1288 2709 Tiridati,
1321 2655 1444 2700 fratri
1475 2667 1571 2708 suo,
1602 2655 1818 2699 subiicere
1851 2658 2046 2697 conatur.

668 2718 832 2762 Romae
854 2715 1121 2773 Agrippinae
1153 2728 1258 2773 opes
1289 2715 1335 2759 in
1364 2715 1458 2759 dies
1479 2717 1707 2772 augentur,
1740 2713 1941 2758 socordia
1969 2713 2085 2769 prin·

603 2777 736 2833 cipis:
768 2775 948 2829 Neroni,
978 2774 1157 2821 vixdum
1189 2774 1364 2831 expleto
1402 2773 1469 2819 14.
1491 2785 1621 2827 anno,
1652 2772 1790 2816 virilis
1820 2776 1924 2828 toga
1945 2771 2084 2823 datur,

602 2833 1467 2939 effi}3.³⁰3.3⁰22?:;⁹82222‘⁰5;„223·
1485 2831 1836 2935 mlum-:2
1840 2835 2085 2933 ”222301355

601 2952 829 3011 Augustae
860 2906 1048 3006 deditus,
1079 2951 1365 3008 praetorianis
1396 2950 1647 2995 cohortibus
1678 2948 1937 3006 praeficitur.
1990 2922 2085 2992 Na:

23 2996 51 3071 ὲ
604 3012 741 3058 scitur
772 3021 827 3055 lx
860 3010 952 3056 Cal.
986 3011 1096 3055 Nov.
1130 3010 1416 3064 Domitianus,
1450 3009 1739 3078 postea—imp.
2022 3065 2031 3074 .

17 3062 57 3171 {2
178 3068 236 3116 ⁵²
300 3070 387 3116 ⁸⁰⁵
454 3069 507 3114 ¹²
571 3069 1099 3183 08888888·
1115 3069 1291 3173 8
1301 3081 1436 3171 &aa
1465 3066 2085 3175 mr*

604 3186 832 3242 52—57.)
897 3187 1096 3232 Discidia
1126 3190 1171 3231 et
1201 3186 1430 3231 latrocinia
1460 3184 1717 3230 Iudaeorum
1751 3184 1862 3226 inter
1893 3195 1940 3226 se
1972 3181 2085 3234 Qua·

608 3246 774 3301 drutus,
796 3246 953 3303 Syriae
974 3246 1076 3303 leg„
1098 3244 1236 3298 sedat,
1258 3244 1411 3298 Felici,
1433 3243 1643 3289 Pallantis
1666 3243 1805 3299 gratia
1827 3241 1941 3298 apud
1958 3240 2085 3285 Clau-

606 3305 725 3350 dium
755 3304 881 3358 freto,
913 3304 1086 3350 servilis
1117 3304 1282 3362 ingenii
1302 3303 1479 3357 homini,
1511 3304 1639 3347 trium
1662 3302 1908 3357 reginarum
1931 3300 2086 3343 marito

606 3363 760 3418 (Suet.
791 3362 943 3410 Claud.
975 3362 1061 3417 28)
1099 3374 1305 3420 parcens,
1346 3362 1529 3407 alterum
1567 3364 1888 3419 procuratorem
1930 3358 2085 3402 Cuma·

606 3436 709 3468 num
741 3422 1048 3468 condemnans.
1097 3420 1225 3479 Apud
1246 3421 1439 3466 Felicem
1470 3434 1555 3465 non
1592 3420 1726 3464 multo
1757 3418 1957 3475 posthoc
1980 3422 2085 3461 tem·

606 3495 689 3540 pua
720 3480 922 3534 Paullus,
964 3479 1188 3539 apostolus
1221 3479 1517 3533 Christianus,
1559 3478 1876 3534 Hierosolymis
1908 3488 2086 3520 causam

608 3542 728 3587 dicit.
776 3540 1048 3586 Britanniam
1071 3551 1191 3596 prov.
1212 3538 1447 3595 regendam
1467 3539 1629 3595 accipit
1647 3539 1699 3582 A.
1718 3536 1872 3581 Didius
1890 3535 2056 3580 Gallus.

665 3600 854 3645 Maxima
883 3602 927 3644 et
957 3597 1202 3643 difficillimi
1236 3598 1395 3642 laboris
1428 3610 1560 3654 opera
1581 3596 1876 3654 perficiuntur,
1909 3594 2085 3638 emissio

1637 3668 1721 3709 10·
