2392 4016
364 165 419 229 82
1132 164 1312 211 Annales
1341 165 1514 210 Romani

362 328 393 350 a.
413 318 495 350 Chr.
556 326 591 348 u.
609 326 641 349 c.
1490 346 1494 349 Δ

707 392 717 409 χ
758 359 979 410 Demetrio
1011 359 1191 414 Phario,
1234 359 1389 404 deinde
1427 360 1560 404 maris
1601 373 1719 404 oram
1759 361 1973 416 urbesque
2004 358 2292 416 Apolloniam,

756 417 1041 474 Dyrrachium
1073 419 1125 470 (s.
1158 418 1475 475 Epidamnum),
1510 419 1725 473 Nutriam,
1757 422 2018 475 gentemque
2041 419 2292 462 Atintanum

757 477 803 520 in
835 476 1098 521 deditionem
1138 478 1371 534 accipiunt.
1437 477 1514 521 Cn.
1548 477 1703 524 Fulvio
1735 478 1915 521 Romam
1950 490 2147 531 reverso,
2187 478 2295 520 alter

758 547 846 580 cos.
878 536 1136 592 relinquitur
1167 536 1221 578 ad
1252 536 1518 592 praesidium
1550 549 1758 580 novorum
1790 538 2021 581 sociorum.

391 594 479 639 228
559 593 646 642 526
709 594 808 638 Cos.
841 594 917 649 Sp.
945 595 1150 641 Carvilius
1179 595 1392 638 Maximus
1422 596 1494 648 II,
1547 594 1595 644 Q.
1630 597 1786 639 Fabius
1816 596 1935 638 Max.
1963 596 2172 637 Verrucos.
2205 593 2293 644 II.)

758 652 850 696 Pax
882 652 931 696 fit
963 667 1013 696 ea
1046 653 1315 707 condicione,
1349 657 1397 698 ut
1427 667 1611 711 regnum
1642 667 1776 711 penes
1807 655 2016 698 Pinneum
2050 655 2121 706 sit,
2153 656 2294 696 tutore

757 712 990 765 Demetrio,
1022 725 1130 755 neve
1161 712 1301 768 Illyrii
1343 714 1570 770 piraticam
1611 717 1865 765 exerceant3
1907 714 2031 759 cuius
2051 713 2133 756 rei
2164 724 2296 755 causa

759 770 980 823 Romanis,
1014 772 1088 827 qui
1118 772 1286 828 legatos
1311 773 1355 815 in
1380 771 1605 816 Graeciam
1631 773 1860 825 miseruut,
1891 772 2063 828 publice
2086 773 2129 813 et
2150 785 2175 813 a
2196 783 2296 814 con-

761 830 874 874 ciliis
905 830 1176 874 Achaeorum
1198 830 1538 887 Aetolorumque
1570 834 1615 875 et
1645 832 1698 875 ab
1728 832 2069 875 Atheniensibus
2098 830 2295 885 insignes

760 889 947 934 honores
980 889 1206 932 habentur.

818 946 869 989 In
908 947 1120 1004 Hispania
1166 961 1264 991 cum
1304 948 1548 991 Poenorum
1585 949 1845 1004 imperatore
1883 947 2176 998 Hasdrubale,
2224 947 2298 1001 qui

761 1018 873 1047 anno
907 1007 1129 1062 superiore
1161 1006 1398 1050 Hamilcari
1430 1010 1719 1060 successerat,
1739 1010 1924 1063 ‚pactum
1954 1006 2015 1059 fit,
2050 1019 2102 1048 ne
2124 1006 2295 1048 Iberum

760 1071 929 1105 amnem
959 1067 1166 1116 transeat,
1197 1065 1346 1120 utique
1379 1065 1633 1121 Saguntinis
1665 1066 1844 1110 libertas
1877 1069 2086 1110 servetur.

821 1121 868 1164 C.
893 1121 1132 1165 Flaminius
1163 1123 1262 1165 trib.
1296 1123 1354 1178 pl.
1388 1123 1531 1179 legem
1561 1123 1723 1179 perfert
1744 1124 1797 1173 de
1820 1137 1924 1180 agro
1947 1125 2108 1167 Piceno
2131 1126 2174 1166 et
2198 1122 2298 1166 Gal·

759 1181 860 1233 lico,
882 1181 1032 1224 eiectis
1051 1181 1312 1235 Senonibus,
1333 1182 1495 1235 viritim
1509 1182 1628 1238 plebi
1644 1181 1890 1236 dividendo,
1914 1183 2007 1226 Cic.
2025 1182 2119 1225 Cat.
2135 1183 2234 1224 mai.
2254 1182 2297 1234 4,

761 1239 840 1282 sed
871 1240 924 1282 cf.
958 1253 1055 1282 ann.
1089 1239 1190 1284 232.
1759 1268 1766 1273 „

396 1300 480 1344 227
565 1298 650 1351 527
714 1297 814 1343 Cos.
845 1299 896 1340 P.
924 1299 1113 1341 Valerius
1142 1301 1332 1352 Flaccus,
1372 1299 1435 1341 Μ
1469 1299 1626 1342 Atilius
1657 1299 1884 1356 Reyulus.)
1951 1300 2153 1348 Quattuor
2177 1315 2300 1354 prae-

591 1370 593 1372 ’
761 1367 866 1400 tores
897 1361 1110 1411 creantur,
1143 1361 1193 1401 ut
1223 1360 1312 1402 sint
1344 1359 1419 1414 qui
1448 1358 1495 1401 in
1518 1358 1715 1410 Siciliam
1747 1362 1792 1402 et
1813 1359 2058 1403 Sardiniam
2089 1358 2182 1411 (cui
2210 1358 2298 1401 fere

764 1416 970 1460 adiuncta
1001 1416 1197 1462 Corsica)
1231 1431 1328 1460 cum
1360 1418 1541 1473 imperio
1574 1419 1807 1474 quotannis
1838 1420 2076 1462 mittantur.
2131 1417 2180 1460 C.
2202 1417 2299 1460 Fla-

760 1476 934 1528 minius,
969 1475 1117 1519 Solino
1150 1479 1276 1529 teste,
1300 1477 1473 1533 'primus
1505 1480 1680 1532 praetor
1712 1477 1903 1521 Siciliae.

395 1535 482 1579 226
536 1571 538 1573 .
563 1534 648 1578 528
711 1532 811 1578 008.
842 1535 905 1576 M
933 1535 1122 1577 Valerius
1141 1536 1361 1587 Messalla,
1398 1536 1447 1577 L.
1471 1537 1670 1590 Apustius
1688 1535 1853 1587 Fullo.)
1909 1535 2129 1581 Adversus
2161 1535 2300 1577 immi-

761 1596 935 1650 nentem
955 1595 1185 1637 tumultum
1208 1593 1438 1647 Gallicum,
1462 1595 1664 1650 quoniam
1686 1599 1857 1650 praeter
1868 1595 2005 1651 ,Boios
2029 1597 2073 1636 et
2093 1594 2299 1636 Insubres

763 1653 894 1695 etiam
927 1651 1127 1696 Taurisci
1158 1655 1202 1696 et
1234 1653 1448 1699 Gaesatae
1479 1653 1641 1696 bellum
1671 1657 1839 1709 parant,
1876 1654 2036 1696 milites
2069 1653 2301 1708 diligenter

763 1711 1116 1764 conscribuntur,
1166 1724 1250 1767 quo
1288 1715 1480 1768 tempore
1519 1713 1566 1755 in
1605 1713 1774 1755 tabulas
1813 1713 1953 1755 relata
1988 1712 2118 1768 paulo
2157 1712 2299 1754 minus

765 1769 942 1814 800000
972 1771 1206 1823 hominum,
1239 1771 1314 1827 qui
1344 1784 1463 1815 arma
1493 1771 1603 1814 ferre
1633 1775 1831 1828 possent,
1863 1774 2063 1815 auctores
2097 1773 2199 1814 sunt
2218 1771 2300 1813 Po-

762 1829 852 1883 lyb.
885 1827 926 1881 2,
959 1828 1030 1881 24,
1064 1829 1176 1886 Plin.
1208 1829 1353 1885 3,,24.

396 1889 484 1934 225
565 1887 650 1932 529
714 1886 814 1930 Cos.
838 1886 891 1929 L.
914 1889 1113 1930 Aemilius
1133 1888 1289 1942 Papus,
1327 1889 1371 1930 C.
1394 1890 1551 1930 Atilius
1572 1887 1799 1943 Requlus.)
1824 1922 1832 1927 .
1848 1887 2070 1932 Gallorum
2099 1889 2300 1942 ingentes

764 1947 915 2002 copiae
946 1949 1188 2003 praetorem
1220 1960 1318 2004 pop.
1343 1947 1466 1997 Rom.
1498 1947 1555 1990 ad
1574 1948 1784 2000 Faesulas
1815 1948 2064 2000 concidunt,
2094 1947 2300 2001 reliquias

766 2006 983 2048 exercitus
1008 2006 1233 2049 obsidione
1244 1998 1412 2050 'liberat
1427 2005 1639 2051 Aemilius
1663 2019 1751 2050 cos.
1773 2006 1969 2058 Arimino
1992 2018 2300 2062 approperans.

767 2063 884 2107 Galli
916 2065 1090 2109 domum
1120 2068 1388 2110 revertentes
1423 2078 1521 2108 cum
1551 2066 1725 2122 praeda,
1767 2067 2048 2121 sequentibus
2083 2065 2302 2117 Romanis,

765 2123 811 2166 in
842 2123 1024 2166 alterum
1047 2137 1136 2166 cos.
1158 2124 1369 2177 incidunt,
1402 2125 1532 2177 Pisis,
1567 2137 1650 2180 quo
1673 2138 1728 2167 ex
1752 2124 1931 2168 Corsica
1951 2124 2190 2180 appulerat,
2222 2125 2306 2165 iter

765 2181 1016 2235 facientem3
1045 2183 1224 2239 ancipiti
1248 2184 1340 2225 acie
1365 2183 1621 2230 circumdati
1643 2184 1701 2225 ad-
1717 2184 1866 2227 40000
1882 2184 2134 2235 caeduntur,
2161 2182 2305 2226 10000

766 2241 1006 2295 capiuntur.
1058 2240 1104 2284 C.
1128 2242 1286 2284 Atilius
1317 2243 1363 2284 in
1385 2254 1435 2284 eo
1457 2242 1623 2297 proelio
1647 2242 1820 2295 cecidit,
1850 2243 1996 2297 itaque
2019 2242 2068 2284 L.
2086 2242 2298 2289 Aemilius

769 2299 888 2342 solus
920 2300 1182 2356 triumphum
1214 2301 1306 2357 agit
1336 2301 1749 2357 splendidissimum.

769 2416 796 2459 d
830 2357 961 2449 Cens<3
993 2357 1040 2401 C.
1075 2358 1281 2406 Claudius
1327 2358 1515 2413 Centh0,
1561 2360 1618 2403 M.
1649 2360 1799 2403 Iunius
1830 2359 1941 2403 Pera
1979 2360 2163 2402 lustrum
2204 2371 2304 2401 con-

799 2419 877 2459 unt
905 2417 976 2459 4..
1724 2429 1735 2443 ·

405 2478 491 2523 224
572 2477 660 2524 530
721 2475 821 2519 Cos.
860 2476 906 2518 T.
939 2475 1127 2518 Manlius
1162 2476 1357 2530 Tor-quat.
1389 2477 1466 2530 II,
1518 2476 1567 2526 Q.
1597 2477 1769 2519 Fulvius
1799 2477 1974 2519 Flaccus
2003 2477 2062 2518 II
2084 2476 2218 2519 Boios
2250 2475 2306 2518 ad

769 2534 1033 2587 deditionem
1064 2539 1238 2591 cogunt,
1273 2536 1349 2579 sed
1372 2549 1456 2591 quo
1479 2537 1622 2579 minus
1644 2536 1827 2580 ulterius
1849 2536 2194 2592 progrediantur,
2226 2536 2303 2577 im-

767 2593 918 2636 bribus
951 2596 995 2636 et
1024 2594 1274 2653 pestilentia
1303 2595 1610 2653 impediuntur.
1665 2594 1851 2639 Comitia
1871 2595 1926 2637 ·in
1957 2595 2061 2637 urbe
2093 2595 2305 2637 habentur

777 2666 802 2695 a
831 2652 880 2695 L.
916 2652 1107 2696 Caecilio
1138 2654 1311 2698 Metello
1344 2654 1463 2707 dict„
1493 2653 1547 2698 N.
1579 2654 1716 2709 Fabio
1746 2654 1942 2697 Buteone
1973 2666 2085 2710 mag.
2119 2666 2184 2708 eq.

407 2712 494 2757 223
580 2711 663 2756 531
731 2710 831 2754 Cos.
870 2711 913 2753 C.
944 2713 1174 2755 Flaminius
1203 2712 1366 2768 Nepos,
1407 2714 1463 2756 Ρ.
1490 2714 1643 2755 Furius
1672 2712 1860 2764 Philus.)
1921 2713 1980 2754 Hi
2008 2712 2183 2755 tandem
2215 2724 2304 2754 cos.

771 2769 938 2811 Padum
968 2771 1211 2823 traiiciunt,
1259 2771 1464 2815 Insubres
1505 2772 1559 2815 ad
1590 2772 1788 2817 Adduam
1818 2772 2018 2824 vincunt,
2060 2783 2146 2813 non
2178 2771 2304 2813 lectis

773 2830 899 2871 antea
930 2832 1107 2872 senatus
1139 2830 1318 2884 litteris,
1352 2832 1508 2887 quibus
1540 2831 1819 2887 auguriorum
1851 2843 1982 2874 causa
2013 2830 2212 2882 abdicare
2241 2830 2306 2872 iu-

771 2887 996 2939 bebantur,
1017 2890 1260 2944 terramque
1283 2890 1523 2942 devastant,
1545 2890 1849 2933 adiuvantibus
1873 2889 2011 2932 Gallis
2031 2888 2304 2932 Cenomanis.

775 2944 936 2990 Contra
965 2958 1058 2988 sen.
1088 2948 1387 2992 auctoritatem
1418 2949 1569 3004 populi
1596 2949 1721 2992 iussu
1749 2948 2027 3003 triumphant,
2060 2948 2138 2991 sed
2156 2948 2306 2990 trium-

768 3003 871 3059 phis
905 3005 1014 3047 actis
1047 3006 1195 3048 statim
1230 3007 1455 3059 abdicant,
1496 3010 1544 3049 ut
1583 3020 1662 3062 per
1698 3007 1961 3063 interregem
1991 3019 2096 3059 cos.,
2137 3007 2211 3061 qui
2242 3006 2304 3048 Id.

774 3062 896 3121 Mart.
928 3063 1100 3116 inirent,
1131 3063 1236 3107 facti
1267 3078 1364 3108 esse
1397 3065 1636 3121 videantur.
1663 3078 1666 3082 ’

411 3121 496 3164 222
578 3120 663 3165 532
727 3119 826 3164 Cos.
865 3122 934 3164 Cn.
973 3122 1181 3165 Cornelius
1209 3123 1352 3178 Scipio
1389 3124 1550 3177 Calvus,
1589 3124 1652 3166 Μ
1691 3123 1889 3166 Claudius
1918 3122 2184 3173 Marcellus.)
2237 3122 2306 3164 In-

767 3179 950 3233 subres,
990 3182 1146 3239 quibus
1186 3196 1275 3241 pax
1304 3186 1464 3240 negata
1494 3186 1632 3236 esset,
1674 3195 1809 3226 novas
1843 3182 2125 3232 Gaesatarum
2159 3182 2305 3237 copias

776 3238 1007 3294 adducunt,
1040 3241 1246 3287 adversus
1278 3254 1386 3297 quos
1418 3242 1601 3299 profecti
1631 3254 1719 3284 cos.
1743 3241 1844 3284 dum
1867 3241 1947 3285 Cn.
1970 3241 2096 3284 Corn.
2119 3239 2305 3282 Acerras

777 3297 968 3350 obsidet,
1011 3299 1065 3340 M.
1096 3300 1324 3343 Marcellus
1368 3300 1578 3344 Gaesatas
1618 3300 1842 3356 profligat,
1882 3312 2112 3356 eorumque
2153 3299 2306 3341 ducem

697 3367 699 3369 ·
777 3356 1079 3400 virdomarum
1110 3359 1270 3407 occidit
1302 3360 1410 3416 ipse.
1470 3359 1661 3413 Acerris,
1692 3359 1949 3411 Mediolano,
1984 3358 2119 3401 Como
2153 3358 2305 3412 captis,

775 3414 980 3457 Insubres
1021 3416 1067 3457 in
1108 3416 1370 3466 deditionem
1409 3418 1653 3475 adiguntur.
1723 3417 1822 3463 Cos.
1863 3419 2006 3473 opima
2044 3416 2183 3472 spolia
2214 3416 2306 3458 Iovi

777 3473 972 3516 Feretrio
1004 3474 1188 3528 dedicat,
1221 3477 1456 3534 triumphat
1488 3477 1578 3525 Cal.
1610 3478 1734 3520 Mart.
1825 3504 1828 3508 -

416 3528 498 3571 221
583 3528 667 3572 533
731 3529 830 3575 Cos.
862 3532 913 3575 P.
952 3532 1160 3576 Cornelius
1188 3534 1331 3590 Scipio
1361 3537 1509 3590 Asina,
1548 3537 1612 3578 M.
1644 3537 1855 3578 Minucius
1882 3531 2060 3588 Rufus.)
2111 3533 2251 3575 Histri
2281 3545 2307 3574 a
