<?xml version="1.0" encoding="UTF-8"?>
<!DOCTYPE html PUBLIC "-//W3C//DTD XHTML 1.0 Transitional//EN"
    "http://www.w3.org/TR/xhtml1/DTD/xhtml1-transitional.dtd">
<html xmlns="http://www.w3.org/1999/xhtml" xml:lang="en" lang="en">
 <head>
  <title>
</title>
<meta http-equiv="Content-Type" content="text/html;charset=utf-8" />
  <meta name='ocr-system' content='tesseract 3.04.00' />
  <meta name='ocr-capabilities' content='ocr_page ocr_carea ocr_par ocr_line ocrx_word'/>
</head>
<body>
  <div class='ocr_page' id='page_1' title='image "annalesveterumre00zumpuoft_0219.png"; bbox 0 0 2392 4016; ppageno 0'>
   <div class='ocr_carea' id='block_1_1' title="bbox 0 274 76 4016">
    <p class='ocr_par' dir='ltr' id='par_1_1' title="bbox 0 274 76 4016">
     <span class='ocr_line' id='line_1_1' title="bbox 0 274 76 4016; baseline 0 0"><span class='ocrx_word' id='word_1_1' title='bbox 0 274 76 4016; x_wconf 95' lang='lat' dir='ltr'><strong> </strong></span> 
     </span>
    </p>
   </div>
   <div class='ocr_carea' id='block_1_2' title="bbox 636 173 2135 230">
    <p class='ocr_par' dir='ltr' id='par_1_2' title="bbox 636 173 2135 230">
     <span class='ocr_line' id='line_1_2' title="bbox 636 173 2135 230; baseline -0.004 -11"><span class='ocrx_word' id='word_1_2' title='bbox 636 180 689 219; x_wconf 89' lang='lat' dir='ltr'><strong>ab</strong></span> <span class='ocrx_word' id='word_1_3' title='bbox 722 190 828 219; x_wconf 83' lang='lat' dir='ltr'><strong>anuo</strong></span> <span class='ocrx_word' id='word_1_4' title='bbox 860 190 902 230; x_wconf 88' lang='lat' dir='ltr'><strong>p.</strong></span> <span class='ocrx_word' id='word_1_5' title='bbox 928 175 1023 219; x_wconf 82' lang='lat' dir='ltr'><strong>Chr.</strong></span> <span class='ocrx_word' id='word_1_6' title='bbox 1054 178 1140 219; x_wconf 75' lang='lat'><strong>87⁶1</strong></span> <span class='ocrx_word' id='word_1_7' title='bbox 1171 187 1299 228; x_wconf 78' lang='lat' dir='ltr'><strong>usque</strong></span> <span class='ocrx_word' id='word_1_8' title='bbox 1328 178 1384 217; x_wconf 83' lang='lat' dir='ltr'><strong>ad</strong></span> <span class='ocrx_word' id='word_1_9' title='bbox 1412 188 1562 217; x_wconf 82' lang='lat' dir='ltr'><strong>aunum</strong></span> <span class='ocrx_word' id='word_1_10' title='bbox 1594 176 1695 217; x_wconf 76' lang='grc'><strong>889.</strong></span> <span class='ocrx_word' id='word_1_11' title='bbox 2050 173 2135 219; x_wconf 80' lang='grc'><strong>189</strong></span> 
     </span>
    </p>
   </div>
   <div class='ocr_carea' id='block_1_3' title="bbox 450 326 620 368">
    <p class='ocr_par' dir='ltr' id='par_1_3' title="bbox 450 326 620 368">
     <span class='ocr_line' id='line_1_3' title="bbox 450 326 620 368; baseline -0.006 -8"><span class='ocrx_word' id='word_1_12' title='bbox 450 350 460 360; x_wconf 88' lang='grc'><strong>.</strong></span> <span class='ocrx_word' id='word_1_13' title='bbox 547 326 620 368; x_wconf 83' lang='lat' dir='ltr'><strong>imp</strong></span> 
     </span>
    </p>
   </div>
   <div class='ocr_carea' id='block_1_4' title="bbox 149 327 2158 3615">
    <p class='ocr_par' dir='ltr' id='par_1_4' title="bbox 207 327 632 370">
     <span class='ocr_line' id='line_1_4' title="bbox 207 327 632 370; baseline -0.005 -9"><span class='ocrx_word' id='word_1_14' title='bbox 207 327 298 370; x_wconf 67' lang='grc' dir='ltr'><strong>μῦ.</strong></span> <span class='ocrx_word' id='word_1_15' title='bbox 377 336 449 361; x_wconf 83' lang='lat' dir='ltr'><strong>u.c</strong></span> <span class='ocrx_word' id='word_1_16' title='bbox 623 348 632 359; x_wconf 92' lang='lat'><strong>.</strong></span> 
     </span>
    </p>

    <p class='ocr_par' dir='ltr' id='par_1_5' title="bbox 208 365 2137 495">
     <span class='ocr_line' id='line_1_5' title="bbox 208 365 2137 426; baseline -0.006 -6"><span class='ocrx_word' id='word_1_17' title='bbox 208 373 297 420; x_wconf 85' lang='lat'><strong>383</strong></span> <span class='ocrx_word' id='word_1_18' title='bbox 362 371 475 418; x_wconf 80' lang='lat'>1136</span> <span class='ocrx_word' id='word_1_19' title='bbox 565 370 595 417; x_wconf 73' lang='lat'>5</span> <span class='ocrx_word' id='word_1_20' title='bbox 656 369 758 415; x_wconf 79' lang='lat' dir='ltr'><strong>Cos.</strong></span> <span class='ocrx_word' id='word_1_21' title='bbox 782 370 856 426; x_wconf 82' lang='lat' dir='ltr'><strong>Fl.</strong></span> <span class='ocrx_word' id='word_1_22' title='bbox 888 368 1148 414; x_wconf 66' lang='lat' dir='ltr'><strong>Merobaude</strong></span> <span class='ocrx_word' id='word_1_23' title='bbox 1178 367 1222 412; x_wconf 91' lang='lat'><strong>11</strong></span> <span class='ocrx_word' id='word_1_24' title='bbox 1256 365 1459 420; x_wconf 81' lang='lat' dir='ltr'><strong>(Occid.)</strong></span> <span class='ocrx_word' id='word_1_25' title='bbox 1490 370 1537 410; x_wconf 83' lang='lat' dir='ltr'><strong>et</strong></span> <span class='ocrx_word' id='word_1_26' title='bbox 1564 366 1630 410; x_wconf 76' lang='grc' dir='ltr'><strong>ΡΙ.</strong></span> <span class='ocrx_word' id='word_1_27' title='bbox 1662 366 1898 411; x_wconf 85' lang='lat' dir='ltr'><strong>Saturnino</strong></span> <span class='ocrx_word' id='word_1_28' title='bbox 1929 365 2137 419; x_wconf 85' lang='lat' dir='ltr'><strong>(Orient.)</strong></span> 
     </span>
     <span class='ocr_line' id='line_1_6' title="bbox 695 424 2137 495; baseline -0.003 -22"><span class='ocrx_word' id='word_1_29' title='bbox 695 429 969 473; x_wconf 88' lang='lat' dir='ltr'><strong>Theodosius</strong></span> <span class='ocrx_word' id='word_1_30' title='bbox 990 427 1240 481; x_wconf 84' lang='lat' dir='ltr'><strong>Arcadium,</strong></span> <span class='ocrx_word' id='word_1_31' title='bbox 1268 425 1406 471; x_wconf 81' lang='lat' dir='ltr'><strong>fllium</strong></span> <span class='ocrx_word' id='word_1_32' title='bbox 1428 438 1569 478; x_wconf 89' lang='lat' dir='ltr'><strong>suum,</strong></span> <span class='ocrx_word' id='word_1_33' title='bbox 1600 438 1748 469; x_wconf 86' lang='lat' dir='ltr'><strong>mense</strong></span> <span class='ocrx_word' id='word_1_34' title='bbox 1781 425 1870 469; x_wconf 88' lang='lat' dir='ltr'><strong>Ian.</strong></span> <span class='ocrx_word' id='word_1_35' title='bbox 1893 424 2137 495; x_wconf 80' lang='lat' dir='ltr'><strong>Augustum</strong></span> 
     </span>
    </p>

    <p class='ocr_par' dir='ltr' id='par_1_6' title="bbox 634 483 2133 544">
     <span class='ocr_line' id='line_1_7' title="bbox 634 483 2133 544; baseline -0.003 -12"><span class='ocrx_word' id='word_1_36' title='bbox 634 497 639 502; x_wconf 84' lang='lat'><strong>·</strong></span> <span class='ocrx_word' id='word_1_37' title='bbox 695 488 909 541; x_wconf 78' lang='lat' dir='ltr'>declarat,</span> <span class='ocrx_word' id='word_1_38' title='bbox 941 490 990 532; x_wconf 88' lang='lat' dir='ltr'><strong>ut</strong></span> <span class='ocrx_word' id='word_1_39' title='bbox 1018 488 1105 531; x_wconf 92' lang='lat' dir='ltr'><strong>iam</strong></span> <span class='ocrx_word' id='word_1_40' title='bbox 1135 489 1340 544; x_wconf 86' lang='lat' dir='ltr'><strong>quattuor</strong></span> <span class='ocrx_word' id='word_1_41' title='bbox 1368 485 1450 529; x_wconf 90' lang='lat' dir='ltr'><strong>hoc</strong></span> <span class='ocrx_word' id='word_1_42' title='bbox 1481 485 1655 529; x_wconf 90' lang='lat' dir='ltr'><strong>nomine</strong></span> <span class='ocrx_word' id='word_1_43' title='bbox 1687 485 1787 528; x_wconf 86' lang='lat' dir='ltr'><strong>sint.</strong></span> <span class='ocrx_word' id='word_1_44' title='bbox 1851 483 1940 530; x_wconf 82' lang='lat' dir='ltr'><strong>Sed</strong></span> <span class='ocrx_word' id='word_1_45' title='bbox 1969 498 2014 528; x_wconf 79' lang='lat' dir='ltr'><strong>in</strong></span> <span class='ocrx_word' id='word_1_46' title='bbox 2045 483 2133 528; x_wconf 87' lang='lat' dir='ltr'><strong>Bri-</strong></span> 
     </span>
    </p>

    <p class='ocr_par' dir='ltr' id='par_1_7' title="bbox 694 543 2141 604">
     <span class='ocr_line' id='line_1_8' title="bbox 694 543 2141 604; baseline -0.005 -12"><span class='ocrx_word' id='word_1_47' title='bbox 694 548 846 592; x_wconf 88' lang='lat' dir='ltr'><strong>tannia</strong></span> <span class='ocrx_word' id='word_1_48' title='bbox 890 548 1125 604; x_wconf 79' lang='lat' dir='ltr'><strong>imperator</strong></span> <span class='ocrx_word' id='word_1_49' title='bbox 1177 559 1204 589; x_wconf 85' lang='lat' dir='ltr'><strong>a</strong></span> <span class='ocrx_word' id='word_1_50' title='bbox 1254 545 1468 589; x_wconf 73' lang='lat' dir='ltr'><strong>militibus</strong></span> <span class='ocrx_word' id='word_1_51' title='bbox 1523 547 1697 588; x_wconf 89' lang='lat' dir='ltr'><strong>creatur</strong></span> <span class='ocrx_word' id='word_1_52' title='bbox 1738 544 1921 600; x_wconf 72' lang='lat' dir='ltr'><strong>Maqnus</strong></span> <span class='ocrx_word' id='word_1_53' title='bbox 1961 543 2141 586; x_wconf 65' lang='lat' dir='ltr'><strong>Cle-nm</strong></span> 
     </span>
    </p>

    <p class='ocr_par' dir='ltr' id='par_1_8' title="bbox 695 602 2140 662">
     <span class='ocr_line' id='line_1_9' title="bbox 695 602 2140 662; baseline -0.004 -11"><span class='ocrx_word' id='word_1_54' title='bbox 695 605 1009 659; x_wconf 77' lang='lat' dir='ltr'><strong><em>MAXIMUS,</em></strong></span> <span class='ocrx_word' id='word_1_55' title='bbox 1042 606 1117 662; x_wconf 88' lang='lat' dir='ltr'><strong>qui</strong></span> <span class='ocrx_word' id='word_1_56' title='bbox 1146 617 1260 658; x_wconf 90' lang='lat' dir='ltr'><strong>cum,</strong></span> <span class='ocrx_word' id='word_1_57' title='bbox 1296 603 1482 648; x_wconf 84' lang='lat' dir='ltr'><strong>collecta</strong></span> <span class='ocrx_word' id='word_1_58' title='bbox 1510 603 1629 647; x_wconf 89' lang='lat' dir='ltr'><strong>omni</strong></span> <span class='ocrx_word' id='word_1_59' title='bbox 1659 602 1962 646; x_wconf 79' lang='lat' dir='ltr'><strong>Britannorum</strong></span> <span class='ocrx_word' id='word_1_60' title='bbox 1993 603 2140 646; x_wconf 75' lang='lat' dir='ltr'><strong>iuven-</strong></span> 
     </span>
    </p>

    <p class='ocr_par' dir='ltr' id='par_1_9' title="bbox 695 662 2139 719">
     <span class='ocr_line' id='line_1_10' title="bbox 695 662 2139 719; baseline -0.005 -8"><span class='ocrx_word' id='word_1_61' title='bbox 695 670 810 719; x_wconf 88' lang='lat' dir='ltr'><strong>tute,</strong></span> <span class='ocrx_word' id='word_1_62' title='bbox 841 666 887 709; x_wconf 89' lang='lat' dir='ltr'><strong>in</strong></span> <span class='ocrx_word' id='word_1_63' title='bbox 909 664 1098 710; x_wconf 86' lang='lat' dir='ltr'><strong>Galliam</strong></span> <span class='ocrx_word' id='word_1_64' title='bbox 1126 663 1452 715; x_wconf 87' lang='lat' dir='ltr'><strong>transiecisset‚</strong></span> <span class='ocrx_word' id='word_1_65' title='bbox 1488 662 1718 706; x_wconf 50' lang='lat' dir='ltr'><strong>&amp;ananus</strong></span> <span class='ocrx_word' id='word_1_66' title='bbox 1747 662 1801 704; x_wconf 90' lang='lat' dir='ltr'><strong>ab</strong></span> <span class='ocrx_word' id='word_1_67' title='bbox 1832 662 2028 705; x_wconf 85' lang='lat' dir='ltr'><strong>exercitu</strong></span> <span class='ocrx_word' id='word_1_68' title='bbox 2059 674 2139 705; x_wconf 89' lang='lat' dir='ltr'><strong>suo</strong></span> 
     </span>
    </p>

    <p class='ocr_par' dir='ltr' id='par_1_10' title="bbox 695 719 2139 779">
     <span class='ocr_line' id='line_1_11' title="bbox 695 719 2139 779; baseline -0.005 -10"><span class='ocrx_word' id='word_1_69' title='bbox 695 728 742 769; x_wconf 86' lang='lat' dir='ltr'><strong>et</strong></span> <span class='ocrx_word' id='word_1_70' title='bbox 767 722 1053 775; x_wconf 70' lang='lat' dir='ltr'>Merobaude,</span> <span class='ocrx_word' id='word_1_71' title='bbox 1091 722 1301 779; x_wconf 85' lang='lat' dir='ltr'><strong>magistro</strong></span> <span class='ocrx_word' id='word_1_72' title='bbox 1333 721 1541 775; x_wconf 90' lang='lat' dir='ltr'><strong>militum,</strong></span> <span class='ocrx_word' id='word_1_73' title='bbox 1579 719 1800 778; x_wconf 89' lang='lat' dir='ltr'><strong>proditus,</strong></span> <span class='ocrx_word' id='word_1_74' title='bbox 1837 719 1941 777; x_wconf 75' lang='lat' dir='ltr'><strong>fuga</strong></span> <span class='ocrx_word' id='word_1_75' title='bbox 1973 719 2139 763; x_wconf 86' lang='lat' dir='ltr'><strong>Italiam</strong></span> 
     </span>
    </p>

    <p class='ocr_par' dir='ltr' id='par_1_11' title="bbox 696 778 2141 841">
     <span class='ocr_line' id='line_1_12' title="bbox 696 778 2141 841; baseline -0.004 -13"><span class='ocrx_word' id='word_1_76' title='bbox 696 783 819 841; x_wconf 82' lang='lat' dir='ltr'><strong>petit,</strong></span> <span class='ocrx_word' id='word_1_77' title='bbox 851 782 931 827; x_wconf 91' lang='lat' dir='ltr'><strong>sed</strong></span> <span class='ocrx_word' id='word_1_78' title='bbox 951 782 997 826; x_wconf 91' lang='lat' dir='ltr'><strong>in</strong></span> <span class='ocrx_word' id='word_1_79' title='bbox 1026 781 1181 825; x_wconf 86' lang='lat' dir='ltr'><strong>itinere</strong></span> <span class='ocrx_word' id='word_1_80' title='bbox 1204 779 1320 837; x_wconf 90' lang='lat' dir='ltr'><strong>apud</strong></span> <span class='ocrx_word' id='word_1_81' title='bbox 1338 780 1598 836; x_wconf 77' lang='lat' dir='ltr'><strong>Lugdunum</strong></span> <span class='ocrx_word' id='word_1_82' title='bbox 1618 778 1878 823; x_wconf 84' lang='lat' dir='ltr'><strong>interficitur</strong></span> <span class='ocrx_word' id='word_1_83' title='bbox 1899 780 2035 836; x_wconf 80' lang='lat' dir='ltr'><strong>(Aug.</strong></span> <span class='ocrx_word' id='word_1_84' title='bbox 2052 779 2141 830; x_wconf 80' lang='lat'><strong>25.)</strong></span> 
     </span>
    </p>

    <p class='ocr_par' dir='ltr' id='par_1_12' title="bbox 696 838 2142 896">
     <span class='ocr_line' id='line_1_13' title="bbox 696 838 2142 896; baseline -0.003 -10"><span class='ocrx_word' id='word_1_85' title='bbox 696 842 853 887; x_wconf 88' lang='lat' dir='ltr'><strong>aetatis</strong></span> <span class='ocrx_word' id='word_1_86' title='bbox 882 852 997 884; x_wconf 88' lang='lat' dir='ltr'><strong>auno</strong></span> <span class='ocrx_word' id='word_1_87' title='bbox 1029 839 1100 884; x_wconf 83' lang='lat'><strong>25.</strong></span> <span class='ocrx_word' id='word_1_88' title='bbox 1163 839 1256 883; x_wconf 87' lang='lat' dir='ltr'><strong>Pax</strong></span> <span class='ocrx_word' id='word_1_89' title='bbox 1291 839 1447 883; x_wconf 84' lang='lat' dir='ltr'><strong>deinde</strong></span> <span class='ocrx_word' id='word_1_90' title='bbox 1486 852 1564 896; x_wconf 85' lang='lat' dir='ltr'><strong>per</strong></span> <span class='ocrx_word' id='word_1_91' title='bbox 1599 838 1862 881; x_wconf 72' lang='lat' dir='ltr'><strong>Theodosium</strong></span> <span class='ocrx_word' id='word_1_92' title='bbox 1902 840 2142 895; x_wconf 89' lang='lat' dir='ltr'><strong>composita</strong></span> 
     </span>
    </p>

    <p class='ocr_par' dir='ltr' id='par_1_13' title="bbox 696 898 2143 1015">
     <span class='ocr_line' id='line_1_14' title="bbox 696 898 2143 957; baseline -0.003 -12"><span class='ocrx_word' id='word_1_93' title='bbox 696 904 787 957; x_wconf 79' lang='lat' dir='ltr'><strong>est,</strong></span> <span class='ocrx_word' id='word_1_94' title='bbox 826 903 876 943; x_wconf 84' lang='lat' dir='ltr'><strong>ut</strong></span> <span class='ocrx_word' id='word_1_95' title='bbox 905 899 1119 943; x_wconf 80' lang='lat' dir='ltr'><strong>Maximus</strong></span> <span class='ocrx_word' id='word_1_96' title='bbox 1158 901 1321 951; x_wconf 89' lang='lat' dir='ltr'><strong>terras,</strong></span> <span class='ocrx_word' id='word_1_97' title='bbox 1360 911 1469 955; x_wconf 85' lang='lat' dir='ltr'><strong>quas</strong></span> <span class='ocrx_word' id='word_1_98' title='bbox 1508 902 1788 955; x_wconf 77' lang='lat' dir='ltr'><strong>occupasset,</strong></span> <span class='ocrx_word' id='word_1_99' title='bbox 1828 898 2026 950; x_wconf 87' lang='lat' dir='ltr'><strong>haberet,</strong></span> <span class='ocrx_word' id='word_1_100' title='bbox 2064 899 2143 941; x_wconf 82' lang='lat' dir='ltr'><strong>sed</strong></span> 
     </span>
     <span class='ocr_line' id='line_1_15' title="bbox 707 956 2143 1015; baseline -0.003 -11"><span class='ocrx_word' id='word_1_101' title='bbox 707 961 1035 1004; x_wconf 75' lang='lat' dir='ltr'><strong>Valentinianum</strong></span> <span class='ocrx_word' id='word_1_102' title='bbox 1045 959 1091 1002; x_wconf 90' lang='lat' dir='ltr'><strong>in</strong></span> <span class='ocrx_word' id='word_1_103' title='bbox 1102 957 1230 1002; x_wconf 87' lang='lat' dir='ltr'><strong>Italia</strong></span> <span class='ocrx_word' id='word_1_104' title='bbox 1244 960 1386 1001; x_wconf 90' lang='lat' dir='ltr'><strong>tutum</strong></span> <span class='ocrx_word' id='word_1_105' title='bbox 1401 970 1583 1015; x_wconf 88' lang='lat' dir='ltr'><strong>regnare</strong></span> <span class='ocrx_word' id='word_1_106' title='bbox 1600 959 1832 1015; x_wconf 87' lang='lat' dir='ltr'><strong>pateretur.</strong></span> <span class='ocrx_word' id='word_1_107' title='bbox 1866 956 2054 1014; x_wconf 87' lang='lat' dir='ltr'><strong>Sapores</strong></span> <span class='ocrx_word' id='word_1_108' title='bbox 2065 956 2143 1008; x_wconf 86' lang='lat'><strong>111,</strong></span> 
     </span>
    </p>

    <p class='ocr_par' dir='ltr' id='par_1_14' title="bbox 340 1016 2113 1074">
     <span class='ocr_line' id='line_1_16' title="bbox 340 1016 2113 1074; baseline -0.003 -9"><span class='ocrx_word' id='word_1_109' title='bbox 340 1049 347 1059; x_wconf 89' lang='lat'>-</span> <span class='ocrx_word' id='word_1_110' title='bbox 697 1033 777 1064; x_wconf 87' lang='lat' dir='ltr'><strong>rex</strong></span> <span class='ocrx_word' id='word_1_111' title='bbox 807 1019 1052 1071; x_wconf 79' lang='lat' dir='ltr'><strong>Persarum,</strong></span> <span class='ocrx_word' id='word_1_112' title='bbox 1083 1017 1242 1074; x_wconf 85' lang='lat' dir='ltr'><strong>legatis</strong></span> <span class='ocrx_word' id='word_1_113' title='bbox 1272 1017 1421 1061; x_wconf 90' lang='lat' dir='ltr'><strong>missis</strong></span> <span class='ocrx_word' id='word_1_114' title='bbox 1452 1017 1691 1073; x_wconf 74' lang='lat' dir='ltr'><strong>paciscitur</strong></span> <span class='ocrx_word' id='word_1_115' title='bbox 1720 1029 1819 1059; x_wconf 91' lang='lat' dir='ltr'><strong>cum</strong></span> <span class='ocrx_word' id='word_1_116' title='bbox 1850 1016 2113 1060; x_wconf 85' lang='lat' dir='ltr'><strong>Theodosio.</strong></span> 
     </span>
    </p>

    <p class='ocr_par' dir='ltr' id='par_1_15' title="bbox 212 1075 2146 1486">
     <span class='ocr_line' id='line_1_17' title="bbox 212 1075 2144 1135; baseline -0.009 0"><span class='ocrx_word' id='word_1_117' title='bbox 212 1089 300 1135; x_wconf 83' lang='lat'><strong>384</strong></span> <span class='ocrx_word' id='word_1_118' title='bbox 365 1087 477 1132; x_wconf 80' lang='lat'>1137</span> <span class='ocrx_word' id='word_1_119' title='bbox 570 1083 597 1128; x_wconf 88' lang='grc'><strong>6</strong></span> <span class='ocrx_word' id='word_1_120' title='bbox 660 1079 762 1124; x_wconf 89' lang='lat' dir='ltr'><strong>Cos.</strong></span> <span class='ocrx_word' id='word_1_121' title='bbox 795 1078 1051 1123; x_wconf 83' lang='lat' dir='ltr'><strong>Richomere</strong></span> <span class='ocrx_word' id='word_1_122' title='bbox 1091 1079 1135 1120; x_wconf 91' lang='lat' dir='ltr'><strong>et</strong></span> <span class='ocrx_word' id='word_1_123' title='bbox 1166 1075 1376 1120; x_wconf 88' lang='lat' dir='ltr'><strong>Clearcho</strong></span> <span class='ocrx_word' id='word_1_124' title='bbox 1414 1075 1577 1120; x_wconf 87' lang='lat' dir='ltr'><strong>frustra</strong></span> <span class='ocrx_word' id='word_1_125' title='bbox 1606 1075 1985 1134; x_wconf 84' lang='lat' dir='ltr'><strong>Constantinopoli</strong></span> <span class='ocrx_word' id='word_1_126' title='bbox 2015 1075 2144 1118; x_wconf 77' lang='lat' dir='ltr'><strong>Liba·</strong></span> 
     </span>
     <span class='ocr_line' id='line_1_18' title="bbox 699 1134 2143 1191; baseline -0.003 -10"><span class='ocrx_word' id='word_1_127' title='bbox 699 1140 805 1191; x_wconf 74' lang='lat' dir='ltr'><strong>nius,</strong></span> <span class='ocrx_word' id='word_1_128' title='bbox 835 1136 1070 1180; x_wconf 77' lang='lat' dir='ltr'><strong>Mediolani</strong></span> <span class='ocrx_word' id='word_1_129' title='bbox 1093 1138 1271 1180; x_wconf 90' lang='lat' dir='ltr'><strong>senatus</strong></span> <span class='ocrx_word' id='word_1_130' title='bbox 1295 1135 1479 1179; x_wconf 89' lang='lat' dir='ltr'><strong>Romani</strong></span> <span class='ocrx_word' id='word_1_131' title='bbox 1500 1135 1673 1179; x_wconf 87' lang='lat' dir='ltr'><strong>nomine</strong></span> <span class='ocrx_word' id='word_1_132' title='bbox 1694 1134 1979 1191; x_wconf 68' lang='lat' dir='ltr'><strong>Symmachus,</strong></span> <span class='ocrx_word' id='word_1_133' title='bbox 2009 1134 2143 1191; x_wconf 75' lang='lat' dir='ltr'><strong>praef.</strong></span> 
     </span>
     <span class='ocr_line' id='line_1_19' title="bbox 701 1194 2144 1251; baseline -0.003 -10"><span class='ocrx_word' id='word_1_134' title='bbox 701 1197 812 1250; x_wconf 92' lang='lat' dir='ltr'><strong>urbi,</strong></span> <span class='ocrx_word' id='word_1_135' title='bbox 831 1196 1045 1248; x_wconf 90' lang='lat' dir='ltr'><strong>laborant,</strong></span> <span class='ocrx_word' id='word_1_136' title='bbox 1075 1197 1124 1239; x_wconf 89' lang='lat' dir='ltr'><strong>ut</strong></span> <span class='ocrx_word' id='word_1_137' title='bbox 1143 1197 1270 1238; x_wconf 84' lang='lat' dir='ltr'><strong>vetus</strong></span> <span class='ocrx_word' id='word_1_138' title='bbox 1291 1194 1470 1238; x_wconf 91' lang='lat' dir='ltr'><strong>deorum</strong></span> <span class='ocrx_word' id='word_1_139' title='bbox 1491 1194 1650 1247; x_wconf 92' lang='lat' dir='ltr'><strong>cultus,</strong></span> <span class='ocrx_word' id='word_1_140' title='bbox 1681 1194 1851 1251; x_wconf 89' lang='lat' dir='ltr'><strong>legibus</strong></span> <span class='ocrx_word' id='word_1_141' title='bbox 1871 1194 2144 1244; x_wconf 75' lang='lat' dir='ltr'><strong>interdictus,</strong></span> 
     </span>
     <span class='ocr_line' id='line_1_20' title="bbox 699 1253 2146 1310; baseline -0.004 -9"><span class='ocrx_word' id='word_1_142' title='bbox 699 1258 884 1301; x_wconf 85' lang='lat' dir='ltr'><strong>maneat.</strong></span> <span class='ocrx_word' id='word_1_143' title='bbox 934 1254 1093 1299; x_wconf 87' lang='lat' dir='ltr'><strong>Acrem</strong></span> <span class='ocrx_word' id='word_1_144' title='bbox 1124 1256 1170 1297; x_wconf 90' lang='lat' dir='ltr'><strong>et</strong></span> <span class='ocrx_word' id='word_1_145' title='bbox 1188 1256 1409 1310; x_wconf 87' lang='lat' dir='ltr'><strong>potentem</strong></span> <span class='ocrx_word' id='word_1_146' title='bbox 1438 1253 1732 1297; x_wconf 83' lang='lat' dir='ltr'><strong>adversarium</strong></span> <span class='ocrx_word' id='word_1_147' title='bbox 1754 1253 2041 1310; x_wconf 83' lang='lat' dir='ltr'><strong>Symmachus</strong></span> <span class='ocrx_word' id='word_1_148' title='bbox 2072 1266 2146 1295; x_wconf 84' lang='lat' dir='ltr'><strong>ex·</strong></span> 
     </span>
     <span class='ocr_line' id='line_1_21' title="bbox 699 1312 2146 1374; baseline -0.004 -14"><span class='ocrx_word' id='word_1_149' title='bbox 699 1316 866 1374; x_wconf 90' lang='lat' dir='ltr'><strong>peritur</strong></span> <span class='ocrx_word' id='word_1_150' title='bbox 893 1315 1172 1366; x_wconf 73' lang='lat' dir='ltr'><strong>Ambrosium,</strong></span> <span class='ocrx_word' id='word_1_151' title='bbox 1218 1313 1294 1369; x_wconf 87' lang='lat' dir='ltr'><strong>qui</strong></span> <span class='ocrx_word' id='word_1_152' title='bbox 1338 1313 1514 1370; x_wconf 89' lang='lat' dir='ltr'><strong>quidem</strong></span> <span class='ocrx_word' id='word_1_153' title='bbox 1560 1312 1710 1356; x_wconf 83' lang='lat' dir='ltr'><strong>eadem</strong></span> <span class='ocrx_word' id='word_1_154' title='bbox 1751 1313 2030 1356; x_wconf 85' lang='lat' dir='ltr'><strong>contentione</strong></span> <span class='ocrx_word' id='word_1_155' title='bbox 2068 1324 2146 1368; x_wconf 90' lang='lat' dir='ltr'><strong>pro</strong></span> 
     </span>
     <span class='ocr_line' id='line_1_22' title="bbox 700 1371 2146 1429; baseline -0.004 -10"><span class='ocrx_word' id='word_1_156' title='bbox 700 1375 786 1419; x_wconf 87' lang='lat' dir='ltr'><strong>fide</strong></span> <span class='ocrx_word' id='word_1_157' title='bbox 809 1373 1082 1418; x_wconf 82' lang='lat' dir='ltr'><strong>Christianae</strong></span> <span class='ocrx_word' id='word_1_158' title='bbox 1111 1372 1338 1429; x_wconf 85' lang='lat' dir='ltr'><strong>religionis</strong></span> <span class='ocrx_word' id='word_1_159' title='bbox 1370 1375 1522 1416; x_wconf 84' lang='lat' dir='ltr'><strong>contra</strong></span> <span class='ocrx_word' id='word_1_160' title='bbox 1548 1371 1733 1415; x_wconf 86' lang='lat' dir='ltr'><strong>Arianos</strong></span> <span class='ocrx_word' id='word_1_161' title='bbox 1765 1371 1999 1428; x_wconf 82' lang='lat' dir='ltr'><strong>depugnat.</strong></span> <span class='ocrx_word' id='word_1_162' title='bbox 2059 1371 2146 1414; x_wconf 82' lang='lat' dir='ltr'><strong>Ho-</strong></span> 
     </span>
     <span class='ocr_line' id='line_1_23' title="bbox 702 1429 2146 1486; baseline -0.003 -8"><span class='ocrx_word' id='word_1_163' title='bbox 702 1434 874 1486; x_wconf 87' lang='lat' dir='ltr'><strong>norius,</strong></span> <span class='ocrx_word' id='word_1_164' title='bbox 915 1432 1081 1476; x_wconf 90' lang='lat' dir='ltr'><strong>Theod.</strong></span> <span class='ocrx_word' id='word_1_165' title='bbox 1111 1430 1188 1484; x_wconf 69' lang='lat' dir='ltr'><strong>fil„</strong></span> <span class='ocrx_word' id='word_1_166' title='bbox 1226 1431 1267 1474; x_wconf 79' lang='lat' dir='ltr'><strong>h.</strong></span> <span class='ocrx_word' id='word_1_167' title='bbox 1300 1445 1339 1475; x_wconf 91' lang='lat' dir='ltr'><strong>a.</strong></span> <span class='ocrx_word' id='word_1_168' title='bbox 1371 1434 1499 1475; x_wconf 89' lang='lat' dir='ltr'><strong>natus</strong></span> <span class='ocrx_word' id='word_1_169' title='bbox 1530 1434 1612 1474; x_wconf 85' lang='lat' dir='ltr'><strong>est.</strong></span> <span class='ocrx_word' id='word_1_170' title='bbox 1679 1430 1946 1474; x_wconf 86' lang='lat' dir='ltr'><strong>Themistius</strong></span> <span class='ocrx_word' id='word_1_171' title='bbox 1985 1444 2024 1473; x_wconf 86' lang='lat' dir='ltr'><strong>a.</strong></span> <span class='ocrx_word' id='word_1_172' title='bbox 2054 1429 2146 1473; x_wconf 91' lang='lat' dir='ltr'><strong>Cal.</strong></span> 
     </span>
    </p>

    <p class='ocr_par' dir='ltr' id='par_1_16' title="bbox 149 1489 1813 1550">
     <span class='ocr_line' id='line_1_24' title="bbox 149 1489 1813 1550; baseline -0.005 -10"><span class='ocrx_word' id='word_1_173' title='bbox 149 1542 151 1544; x_wconf 69' lang='grc'>,</span> <span class='ocrx_word' id='word_1_174' title='bbox 703 1494 824 1550; x_wconf 86' lang='lat' dir='ltr'><strong>Sept.</strong></span> <span class='ocrx_word' id='word_1_175' title='bbox 855 1493 1014 1536; x_wconf 89' lang='lat' dir='ltr'><strong>iterum</strong></span> <span class='ocrx_word' id='word_1_176' title='bbox 1044 1490 1095 1534; x_wconf 86' lang='lat' dir='ltr'><strong>fit</strong></span> <span class='ocrx_word' id='word_1_177' title='bbox 1123 1490 1257 1547; x_wconf 88' lang='lat' dir='ltr'><strong>praef.</strong></span> <span class='ocrx_word' id='word_1_178' title='bbox 1290 1491 1388 1540; x_wconf 74' lang='lat' dir='ltr'><strong>urbi</strong></span> <span class='ocrx_word' id='word_1_179' title='bbox 1419 1489 1813 1546; x_wconf 87' lang='lat' dir='ltr'><strong>Constantinopoli.</strong></span> 
     </span>
    </p>

    <p class='ocr_par' dir='ltr' id='par_1_17' title="bbox 217 1547 2147 1667">
     <span class='ocr_line' id='line_1_25' title="bbox 217 1547 2147 1607; baseline -0.009 0"><span class='ocrx_word' id='word_1_180' title='bbox 217 1560 305 1607; x_wconf 81' lang='lat'><strong>385</strong></span> <span class='ocrx_word' id='word_1_181' title='bbox 369 1559 482 1604; x_wconf 88' lang='lat'>1138</span> <span class='ocrx_word' id='word_1_182' title='bbox 574 1556 599 1599; x_wconf 84' lang='lat'>7</span> <span class='ocrx_word' id='word_1_183' title='bbox 661 1551 849 1598; x_wconf 72' lang='lat' dir='ltr'><strong>Arcadio</strong></span> <span class='ocrx_word' id='word_1_184' title='bbox 870 1551 985 1607; x_wconf 84' lang='lat' dir='ltr'><strong>Aug.</strong></span> <span class='ocrx_word' id='word_1_185' title='bbox 1017 1553 1063 1593; x_wconf 91' lang='lat' dir='ltr'><strong>et</strong></span> <span class='ocrx_word' id='word_1_186' title='bbox 1088 1549 1287 1593; x_wconf 90' lang='lat' dir='ltr'><strong>Bautone</strong></span> <span class='ocrx_word' id='word_1_187' title='bbox 1319 1561 1410 1593; x_wconf 90' lang='lat' dir='ltr'><strong>cos.</strong></span> <span class='ocrx_word' id='word_1_188' title='bbox 1443 1547 1660 1592; x_wconf 88' lang='lat' dir='ltr'><strong>sacrificia</strong></span> <span class='ocrx_word' id='word_1_189' title='bbox 1689 1562 1768 1605; x_wconf 91' lang='lat' dir='ltr'><strong>per</strong></span> <span class='ocrx_word' id='word_1_190' title='bbox 1799 1549 2019 1593; x_wconf 78' lang='lat' dir='ltr'><strong>Orientem</strong></span> <span class='ocrx_word' id='word_1_191' title='bbox 2051 1560 2147 1605; x_wconf 88' lang='lat' dir='ltr'><strong>pro·</strong></span> 
     </span>
     <span class='ocr_line' id='line_1_26' title="bbox 701 1608 1247 1667; baseline -0.005 -12"><span class='ocrx_word' id='word_1_192' title='bbox 701 1611 839 1655; x_wconf 83' lang='lat' dir='ltr'><strong>hibita</strong></span> <span class='ocrx_word' id='word_1_193' title='bbox 867 1610 966 1667; x_wconf 88' lang='lat' dir='ltr'><strong>lege</strong></span> <span class='ocrx_word' id='word_1_194' title='bbox 998 1608 1247 1652; x_wconf 81' lang='lat' dir='ltr'><strong>Theodosii.</strong></span> 
     </span>
    </p>

    <p class='ocr_par' dir='ltr' id='par_1_18' title="bbox 217 1666 2152 2139">
     <span class='ocr_line' id='line_1_27' title="bbox 217 1666 2148 1725; baseline -0.008 0"><span class='ocrx_word' id='word_1_195' title='bbox 217 1679 305 1725; x_wconf 82' lang='lat'><strong>386</strong></span> <span class='ocrx_word' id='word_1_196' title='bbox 369 1677 482 1722; x_wconf 85' lang='lat'>1139</span> <span class='ocrx_word' id='word_1_197' title='bbox 574 1675 602 1719; x_wconf 90' lang='grc'>8</span> <span class='ocrx_word' id='word_1_198' title='bbox 660 1670 869 1723; x_wconf 88' lang='lat' dir='ltr'><strong>Honorio,</strong></span> <span class='ocrx_word' id='word_1_199' title='bbox 891 1668 1088 1713; x_wconf 87' lang='lat' dir='ltr'><strong>nobiliss.</strong></span> <span class='ocrx_word' id='word_1_200' title='bbox 1111 1680 1261 1724; x_wconf 89' lang='lat' dir='ltr'><strong>puero,</strong></span> <span class='ocrx_word' id='word_1_201' title='bbox 1284 1670 1328 1711; x_wconf 89' lang='lat' dir='ltr'><strong>et</strong></span> <span class='ocrx_word' id='word_1_202' title='bbox 1344 1667 1512 1710; x_wconf 88' lang='lat' dir='ltr'><strong>Euodio</strong></span> <span class='ocrx_word' id='word_1_203' title='bbox 1534 1679 1624 1710; x_wconf 90' lang='lat' dir='ltr'><strong>cos.</strong></span> <span class='ocrx_word' id='word_1_204' title='bbox 1636 1666 1924 1723; x_wconf 77' lang='lat' dir='ltr'><strong>Geuthrungi,</strong></span> <span class='ocrx_word' id='word_1_205' title='bbox 1945 1666 2148 1710; x_wconf 89' lang='lat' dir='ltr'><strong>lintribus</strong></span> 
     </span>
     <span class='ocr_line' id='line_1_28' title="bbox 703 1725 2152 1779; baseline -0.003 -6"><span class='ocrx_word' id='word_1_206' title='bbox 703 1729 950 1774; x_wconf 87' lang='lat' dir='ltr'><strong>Danubium</strong></span> <span class='ocrx_word' id='word_1_207' title='bbox 979 1727 1235 1771; x_wconf 86' lang='lat' dir='ltr'><strong>transiicere</strong></span> <span class='ocrx_word' id='word_1_208' title='bbox 1266 1727 1433 1779; x_wconf 88' lang='lat' dir='ltr'><strong>conati,</strong></span> <span class='ocrx_word' id='word_1_209' title='bbox 1471 1740 1497 1768; x_wconf 88' lang='lat' dir='ltr'><strong>a</strong></span> <span class='ocrx_word' id='word_1_210' title='bbox 1526 1726 1731 1769; x_wconf 89' lang='lat' dir='ltr'><strong>Promoto</strong></span> <span class='ocrx_word' id='word_1_211' title='bbox 1763 1725 1933 1769; x_wconf 89' lang='lat' dir='ltr'><strong>Comite</strong></span> <span class='ocrx_word' id='word_1_212' title='bbox 1963 1725 2152 1769; x_wconf 82' lang='lat' dir='ltr'><strong>maxima</strong></span> 
     </span>
     <span class='ocr_line' id='line_1_29' title="bbox 705 1784 2151 1842; baseline -0.004 -9"><span class='ocrx_word' id='word_1_213' title='bbox 705 1789 828 1833; x_wconf 88' lang='lat' dir='ltr'><strong>clade</strong></span> <span class='ocrx_word' id='word_1_214' title='bbox 851 1787 1113 1839; x_wconf 87' lang='lat' dir='ltr'><strong>afficiuntur,</strong></span> <span class='ocrx_word' id='word_1_215' title='bbox 1145 1798 1274 1842; x_wconf 89' lang='lat' dir='ltr'><strong>quam</strong></span> <span class='ocrx_word' id='word_1_216' title='bbox 1296 1786 1372 1842; x_wconf 89' lang='lat' dir='ltr'><strong>qui</strong></span> <span class='ocrx_word' id='word_1_217' title='bbox 1392 1788 1634 1838; x_wconf 86' lang='lat' dir='ltr'><strong>evaserant,</strong></span> <span class='ocrx_word' id='word_1_218' title='bbox 1667 1784 1941 1828; x_wconf 85' lang='lat' dir='ltr'><strong>Theodosius</strong></span> <span class='ocrx_word' id='word_1_219' title='bbox 1963 1785 2151 1841; x_wconf 88' lang='lat' dir='ltr'><strong>benigne</strong></span> 
     </span>
     <span class='ocr_line' id='line_1_30' title="bbox 705 1843 2151 1902; baseline -0.004 -10"><span class='ocrx_word' id='word_1_220' title='bbox 705 1849 878 1900; x_wconf 87' lang='lat' dir='ltr'><strong>tractat,</strong></span> <span class='ocrx_word' id='word_1_221' title='bbox 911 1850 956 1890; x_wconf 87' lang='lat' dir='ltr'><strong>et</strong></span> <span class='ocrx_word' id='word_1_222' title='bbox 974 1846 1030 1897; x_wconf 64' lang='lat' dir='ltr'><strong>2in</strong></span> <span class='ocrx_word' id='word_1_223' title='bbox 1050 1845 1244 1902; x_wconf 83' lang='lat' dir='ltr'><strong>Phrygia</strong></span> <span class='ocrx_word' id='word_1_224' title='bbox 1262 1845 1461 1901; x_wconf 89' lang='lat' dir='ltr'><strong>proprias</strong></span> <span class='ocrx_word' id='word_1_225' title='bbox 1498 1843 1626 1888; x_wconf 91' lang='lat' dir='ltr'><strong>sedes</strong></span> <span class='ocrx_word' id='word_1_226' title='bbox 1658 1844 1823 1887; x_wconf 86' lang='lat' dir='ltr'><strong>tribuit.</strong></span> <span class='ocrx_word' id='word_1_227' title='bbox 1877 1843 2151 1887; x_wconf 86' lang='lat' dir='ltr'><strong>Theodosius</strong></span> 
     </span>
     <span class='ocr_line' id='line_1_31' title="bbox 705 1902 2152 1962; baseline -0.003 -12"><span class='ocrx_word' id='word_1_228' title='bbox 705 1906 943 1962; x_wconf 86' lang='lat' dir='ltr'><strong>triumphat</strong></span> <span class='ocrx_word' id='word_1_229' title='bbox 966 1904 1020 1948; x_wconf 81' lang='lat'><strong>12</strong></span> <span class='ocrx_word' id='word_1_230' title='bbox 1043 1904 1138 1949; x_wconf 87' lang='lat' dir='ltr'><strong>Oct.</strong></span> <span class='ocrx_word' id='word_1_231' title='bbox 1186 1904 1534 1956; x_wconf 87' lang='lat' dir='ltr'><strong>Valentinianus,</strong></span> <span class='ocrx_word' id='word_1_232' title='bbox 1554 1904 1705 1947; x_wconf 91' lang='lat' dir='ltr'><strong>matris</strong></span> <span class='ocrx_word' id='word_1_233' title='bbox 1726 1902 1919 1946; x_wconf 88' lang='lat' dir='ltr'><strong>Iustinae</strong></span> <span class='ocrx_word' id='word_1_234' title='bbox 1940 1903 2152 1946; x_wconf 87' lang='lat' dir='ltr'><strong>instinctu</strong></span> 
     </span>
     <span class='ocr_line' id='line_1_32' title="bbox 707 1961 2152 2019; baseline -0.003 -9"><span class='ocrx_word' id='word_1_235' title='bbox 707 1965 1020 2011; x_wconf 88' lang='lat' dir='ltr'><strong>constitutione</strong></span> <span class='ocrx_word' id='word_1_236' title='bbox 1060 1963 1250 2015; x_wconf 87' lang='lat' dir='ltr'><strong>(Theod.</strong></span> <span class='ocrx_word' id='word_1_237' title='bbox 1283 1963 1378 2006; x_wconf 91' lang='lat' dir='ltr'><strong>cod.</strong></span> <span class='ocrx_word' id='word_1_238' title='bbox 1415 1962 1492 2016; x_wconf 86' lang='grc'><strong>16,</strong></span> <span class='ocrx_word' id='word_1_239' title='bbox 1527 1963 1573 2015; x_wconf 91' lang='grc'><strong>1,</strong></span> <span class='ocrx_word' id='word_1_240' title='bbox 1611 1961 1666 2013; x_wconf 83' lang='lat'><strong>4)</strong></span> <span class='ocrx_word' id='word_1_241' title='bbox 1705 1963 1929 2019; x_wconf 86' lang='lat' dir='ltr'><strong>proposita</strong></span> <span class='ocrx_word' id='word_1_242' title='bbox 1966 1963 2152 2006; x_wconf 83' lang='lat' dir='ltr'><strong>Arianos</strong></span> 
     </span>
     <span class='ocr_line' id='line_1_33' title="bbox 707 2021 2151 2081; baseline -0.004 -11"><span class='ocrx_word' id='word_1_243' title='bbox 707 2027 924 2081; x_wconf 84' lang='lat' dir='ltr'><strong>exaequat</strong></span> <span class='ocrx_word' id='word_1_244' title='bbox 955 2023 1215 2075; x_wconf 85' lang='lat' dir='ltr'><strong>Catholicis,</strong></span> <span class='ocrx_word' id='word_1_245' title='bbox 1254 2023 1327 2067; x_wconf 91' lang='lat' dir='ltr'><strong>cui</strong></span> <span class='ocrx_word' id='word_1_246' title='bbox 1355 2021 1613 2066; x_wconf 88' lang='lat' dir='ltr'><strong>Ambrosius</strong></span> <span class='ocrx_word' id='word_1_247' title='bbox 1653 2022 1935 2078; x_wconf 85' lang='lat' dir='ltr'><strong>pertinaciter</strong></span> <span class='ocrx_word' id='word_1_248' title='bbox 1972 2022 2151 2065; x_wconf 84' lang='lat' dir='ltr'><strong>resistit.</strong></span> 
     </span>
     <span class='ocr_line' id='line_1_34' title="bbox 707 2079 1987 2139; baseline -0.005 -10"><span class='ocrx_word' id='word_1_249' title='bbox 707 2085 804 2129; x_wconf 91' lang='lat' dir='ltr'><strong>Hoc</strong></span> <span class='ocrx_word' id='word_1_250' title='bbox 834 2083 924 2128; x_wconf 82' lang='lat' dir='ltr'><strong>fere</strong></span> <span class='ocrx_word' id='word_1_251' title='bbox 954 2085 1150 2139; x_wconf 89' lang='lat' dir='ltr'><strong>tempore</strong></span> <span class='ocrx_word' id='word_1_252' title='bbox 1185 2081 1310 2126; x_wconf 80' lang='lat' dir='ltr'><strong>Gildo</strong></span> <span class='ocrx_word' id='word_1_253' title='bbox 1341 2094 1490 2125; x_wconf 89' lang='lat' dir='ltr'><strong>comes</strong></span> <span class='ocrx_word' id='word_1_254' title='bbox 1520 2080 1694 2125; x_wconf 77' lang='lat' dir='ltr'><strong>Africae</strong></span> <span class='ocrx_word' id='word_1_255' title='bbox 1726 2079 1987 2137; x_wconf 86' lang='lat' dir='ltr'><strong>praeficitur.</strong></span> 
     </span>
    </p>

    <p class='ocr_par' dir='ltr' id='par_1_19' title="bbox 223 2139 2154 2487">
     <span class='ocr_line' id='line_1_35' title="bbox 223 2139 2153 2198; baseline -0.009 0"><span class='ocrx_word' id='word_1_256' title='bbox 223 2152 310 2198; x_wconf 80' lang='lat'><strong>387</strong></span> <span class='ocrx_word' id='word_1_257' title='bbox 376 2150 491 2195; x_wconf 86' lang='lat'>1140</span> <span class='ocrx_word' id='word_1_258' title='bbox 582 2148 608 2192; x_wconf 89' lang='grc'>9</span> <span class='ocrx_word' id='word_1_259' title='bbox 670 2143 975 2190; x_wconf 86' lang='lat' dir='ltr'><strong>Valentiniano</strong></span> <span class='ocrx_word' id='word_1_260' title='bbox 1011 2141 1125 2198; x_wconf 87' lang='lat' dir='ltr'><strong>Aug.</strong></span> <span class='ocrx_word' id='word_1_261' title='bbox 1157 2140 1223 2184; x_wconf 91' lang='lat'><strong>111</strong></span> <span class='ocrx_word' id='word_1_262' title='bbox 1254 2143 1298 2184; x_wconf 91' lang='lat' dir='ltr'><strong>et</strong></span> <span class='ocrx_word' id='word_1_263' title='bbox 1329 2140 1538 2197; x_wconf 85' lang='lat' dir='ltr'><strong>Eutropio</strong></span> <span class='ocrx_word' id='word_1_264' title='bbox 1568 2152 1660 2183; x_wconf 91' lang='lat' dir='ltr'><strong>cos.</strong></span> <span class='ocrx_word' id='word_1_265' title='bbox 1694 2139 1974 2193; x_wconf 87' lang='lat' dir='ltr'><strong>Antiocheni,</strong></span> <span class='ocrx_word' id='word_1_266' title='bbox 2014 2139 2153 2196; x_wconf 79' lang='lat' dir='ltr'><strong>gravi-</strong></span> 
     </span>
     <span class='ocr_line' id='line_1_36' title="bbox 709 2199 2153 2254; baseline -0.003 -7"><span class='ocrx_word' id='word_1_267' title='bbox 709 2205 843 2248; x_wconf 85' lang='lat' dir='ltr'><strong>tatem</strong></span> <span class='ocrx_word' id='word_1_268' title='bbox 881 2201 1141 2246; x_wconf 81' lang='lat' dir='ltr'><strong>tributorum</strong></span> <span class='ocrx_word' id='word_1_269' title='bbox 1183 2212 1284 2244; x_wconf 91' lang='lat' dir='ltr'><strong>non·</strong></span> <span class='ocrx_word' id='word_1_270' title='bbox 1308 2199 1520 2254; x_wconf 86' lang='lat' dir='ltr'><strong>ferentes,</strong></span> <span class='ocrx_word' id='word_1_271' title='bbox 1560 2199 1818 2243; x_wconf 88' lang='lat' dir='ltr'><strong>seditionem</strong></span> <span class='ocrx_word' id='word_1_272' title='bbox 1858 2203 2031 2243; x_wconf 86' lang='lat' dir='ltr'><strong>movent</strong></span> <span class='ocrx_word' id='word_1_273' title='bbox 2068 2203 2153 2242; x_wconf 85' lang='lat' dir='ltr'><strong>sta·</strong></span> 
     </span>
     <span class='ocr_line' id='line_1_37' title="bbox 709 2258 2153 2318; baseline -0.005 -11"><span class='ocrx_word' id='word_1_274' title='bbox 709 2266 893 2318; x_wconf 89' lang='lat' dir='ltr'><strong>tuasque</strong></span> <span class='ocrx_word' id='word_1_275' title='bbox 923 2260 1224 2317; x_wconf 86' lang='lat' dir='ltr'><strong>Augustorum</strong></span> <span class='ocrx_word' id='word_1_276' title='bbox 1255 2258 1485 2303; x_wconf 86' lang='lat' dir='ltr'><strong>deiiciunt:</strong></span> <span class='ocrx_word' id='word_1_277' title='bbox 1526 2258 1606 2302; x_wconf 92' lang='lat' dir='ltr'><strong>sed</strong></span> <span class='ocrx_word' id='word_1_278' title='bbox 1645 2259 1739 2301; x_wconf 88' lang='lat' dir='ltr'><strong>eius</strong></span> <span class='ocrx_word' id='word_1_279' title='bbox 1771 2258 1921 2302; x_wconf 89' lang='lat' dir='ltr'><strong>delicti</strong></span> <span class='ocrx_word' id='word_1_280' title='bbox 1951 2271 2052 2302; x_wconf 82' lang='lat' dir='ltr'><strong>mox</strong></span> <span class='ocrx_word' id='word_1_281' title='bbox 2085 2271 2153 2300; x_wconf 80' lang='lat' dir='ltr'><strong>ve·</strong></span> 
     </span>
     <span class='ocr_line' id='line_1_38' title="bbox 708 2318 2154 2376; baseline -0.003 -11"><span class='ocrx_word' id='word_1_282' title='bbox 708 2323 826 2366; x_wconf 86' lang='lat' dir='ltr'><strong>niam</strong></span> <span class='ocrx_word' id='word_1_283' title='bbox 863 2320 1085 2376; x_wconf 88' lang='lat' dir='ltr'><strong>accipiunt</strong></span> <span class='ocrx_word' id='word_1_284' title='bbox 1130 2332 1157 2362; x_wconf 90' lang='lat' dir='ltr'><strong>a</strong></span> <span class='ocrx_word' id='word_1_285' title='bbox 1202 2319 1435 2362; x_wconf 89' lang='lat' dir='ltr'><strong>clementia</strong></span> <span class='ocrx_word' id='word_1_286' title='bbox 1470 2318 1758 2375; x_wconf 78' lang='lat' dir='ltr'><strong>imperatoris·</strong></span> <span class='ocrx_word' id='word_1_287' title='bbox 1845 2318 2040 2369; x_wconf 89' lang='lat' dir='ltr'><strong>(Libanii</strong></span> <span class='ocrx_word' id='word_1_288' title='bbox 2086 2330 2154 2360; x_wconf 93' lang='lat' dir='ltr'><strong>so-</strong></span> 
     </span>
     <span class='ocr_line' id='line_1_39' title="bbox 709 2375 2153 2438; baseline -0.003 -14"><span class='ocrx_word' id='word_1_289' title='bbox 709 2382 880 2438; x_wconf 90' lang='lat' dir='ltr'><strong>phistae</strong></span> <span class='ocrx_word' id='word_1_290' title='bbox 911 2384 956 2423; x_wconf 90' lang='lat' dir='ltr'><strong>et</strong></span> <span class='ocrx_word' id='word_1_291' title='bbox 985 2378 1162 2422; x_wconf 87' lang='lat' dir='ltr'><strong>Ioannis</strong></span> <span class='ocrx_word' id='word_1_292' title='bbox 1186 2377 1510 2434; x_wconf 74' lang='lat' dir='ltr'><strong>chrysostomi,</strong></span> <span class='ocrx_word' id='word_1_293' title='bbox 1540 2377 1786 2434; x_wconf 78' lang='lat' dir='ltr'><strong>presbyteri</strong></span> <span class='ocrx_word' id='word_1_294' title='bbox 1809 2375 2153 2432; x_wconf 83' lang='lat' dir='ltr'><strong>Constantinop.,</strong></span> 
     </span>
     <span class='ocr_line' id='line_1_40' title="bbox 710 2435 1276 2487; baseline -0.009 -3"><span class='ocrx_word' id='word_1_295' title='bbox 710 2454 762 2484; x_wconf 89' lang='lat' dir='ltr'><strong>ea</strong></span> <span class='ocrx_word' id='word_1_296' title='bbox 792 2439 845 2484; x_wconf 91' lang='lat' dir='ltr'><strong>de</strong></span> <span class='ocrx_word' id='word_1_297' title='bbox 876 2451 923 2482; x_wconf 89' lang='lat' dir='ltr'><strong>re</strong></span> <span class='ocrx_word' id='word_1_298' title='bbox 953 2441 1062 2481; x_wconf 90' lang='lat' dir='ltr'><strong>orat.</strong></span> <span class='ocrx_word' id='word_1_299' title='bbox 1093 2435 1276 2487; x_wconf 83' lang='lat' dir='ltr'><strong>extant.)</strong></span> 
     </span>
    </p>

    <p class='ocr_par' dir='ltr' id='par_1_20' title="bbox 710 2493 2157 2957">
     <span class='ocr_line' id='line_1_41' title="bbox 769 2493 2154 2550; baseline -0.004 -9"><span class='ocrx_word' id='word_1_300' title='bbox 769 2499 1000 2550; x_wconf 72' lang='lat' dir='ltr'><strong>Maximus,</strong></span> <span class='ocrx_word' id='word_1_301' title='bbox 1042 2496 1144 2539; x_wconf 89' lang='lat' dir='ltr'><strong>dum</strong></span> <span class='ocrx_word' id='word_1_302' title='bbox 1176 2494 1481 2539; x_wconf 86' lang='lat' dir='ltr'><strong>Valentiniano</strong></span> <span class='ocrx_word' id='word_1_303' title='bbox 1520 2507 1568 2537; x_wconf 86' lang='lat' dir='ltr'><strong>se</strong></span> <span class='ocrx_word' id='word_1_304' title='bbox 1608 2494 1935 2537; x_wconf 85' lang='lat' dir='ltr'><strong>reconciliatum</strong></span> <span class='ocrx_word' id='word_1_305' title='bbox 1965 2493 2154 2540; x_wconf 76' lang='lat' dir='ltr'><strong>simulat.</strong></span> 
     </span>
     <span class='ocr_line' id='line_1_42' title="bbox 710 2553 2154 2614; baseline -0.004 -13"><span class='ocrx_word' id='word_1_306' title='bbox 710 2557 899 2614; x_wconf 83' lang='lat' dir='ltr'><strong>Alpium</strong></span> <span class='ocrx_word' id='word_1_307' title='bbox 918 2555 1144 2612; x_wconf 87' lang='lat' dir='ltr'><strong>angustias</strong></span> <span class='ocrx_word' id='word_1_308' title='bbox 1177 2558 1384 2610; x_wconf 88' lang='lat' dir='ltr'><strong>occupat,</strong></span> <span class='ocrx_word' id='word_1_309' title='bbox 1424 2556 1469 2597; x_wconf 92' lang='lat' dir='ltr'><strong>et</strong></span> <span class='ocrx_word' id='word_1_310' title='bbox 1498 2554 1543 2597; x_wconf 90' lang='lat' dir='ltr'><strong>in</strong></span> <span class='ocrx_word' id='word_1_311' title='bbox 1575 2553 1743 2596; x_wconf 85' lang='lat' dir='ltr'><strong>ltaliam</strong></span> <span class='ocrx_word' id='word_1_312' title='bbox 1777 2566 1925 2596; x_wconf 86' lang='lat' dir='ltr'><strong>mense</strong></span> <span class='ocrx_word' id='word_1_313' title='bbox 1955 2553 2023 2596; x_wconf 80' lang='lat' dir='ltr'><strong>Au</strong></span> <span class='ocrx_word' id='word_1_314' title='bbox 2058 2585 2068 2595; x_wconf 94' lang='lat'><strong>.</strong></span> <span class='ocrx_word' id='word_1_315' title='bbox 2099 2553 2154 2596; x_wconf 86' lang='lat' dir='ltr'><strong>ir·</strong></span> 
     </span>
     <span class='ocr_line' id='line_1_43' title="bbox 710 2612 2156 2674; baseline -0.005 -13"><span class='ocrx_word' id='word_1_316' title='bbox 710 2617 885 2674; x_wconf 90' lang='lat' dir='ltr'><strong>rumpit.</strong></span> <span class='ocrx_word' id='word_1_317' title='bbox 938 2614 1109 2658; x_wconf 89' lang='lat' dir='ltr'><strong>Valent.</strong></span> <span class='ocrx_word' id='word_1_318' title='bbox 1141 2626 1240 2657; x_wconf 91' lang='lat' dir='ltr'><strong>cum</strong></span> <span class='ocrx_word' id='word_1_319' title='bbox 1270 2616 1406 2657; x_wconf 89' lang='lat' dir='ltr'><strong>matre</strong></span> <span class='ocrx_word' id='word_1_320' title='bbox 1426 2613 1590 2656; x_wconf 77' lang='lat' dir='ltr'><strong>Iustina</strong></span> <span class='ocrx_word' id='word_1_321' title='bbox 1619 2616 1664 2655; x_wconf 90' lang='lat' dir='ltr'><strong>et</strong></span> <span class='ocrx_word' id='word_1_322' title='bbox 1689 2612 1818 2656; x_wconf 80' lang='lat' dir='ltr'><strong>Galla</strong></span> <span class='ocrx_word' id='word_1_323' title='bbox 1849 2624 1998 2656; x_wconf 89' lang='lat' dir='ltr'><strong>sorore</strong></span> <span class='ocrx_word' id='word_1_324' title='bbox 2060 2612 2156 2655; x_wconf 84' lang='lat' dir='ltr'><strong>hes·</strong></span> 
     </span>
     <span class='ocr_line' id='line_1_44' title="bbox 711 2670 2153 2730; baseline -0.005 -10"><span class='ocrx_word' id='word_1_325' title='bbox 711 2675 949 2721; x_wconf 87' lang='lat' dir='ltr'><strong>salonicam</strong></span> <span class='ocrx_word' id='word_1_326' title='bbox 979 2673 1106 2730; x_wconf 83' lang='lat' dir='ltr'><strong>fugit,</strong></span> <span class='ocrx_word' id='word_1_327' title='bbox 1138 2676 1183 2716; x_wconf 88' lang='lat' dir='ltr'><strong>et</strong></span> <span class='ocrx_word' id='word_1_328' title='bbox 1205 2671 1442 2716; x_wconf 86' lang='lat' dir='ltr'><strong>Theodosii</strong></span> <span class='ocrx_word' id='word_1_329' title='bbox 1463 2671 1672 2716; x_wconf 82' lang='lat' dir='ltr'><strong>auxilium</strong></span> <span class='ocrx_word' id='word_1_330' title='bbox 1703 2672 1891 2715; x_wconf 87' lang='lat' dir='ltr'><strong>invocat.</strong></span> <span class='ocrx_word' id='word_1_331' title='bbox 1942 2670 2025 2724; x_wconf 87' lang='lat' dir='ltr'><strong>Qui</strong></span> <span class='ocrx_word' id='word_1_332' title='bbox 2056 2682 2153 2714; x_wconf 85' lang='lat' dir='ltr'><strong>cum</strong></span> 
     </span>
     <span class='ocr_line' id='line_1_45' title="bbox 711 2730 2156 2849; baseline -0.005 -11"><span class='ocrx_word' id='word_1_333' title='bbox 711 2730 2156 2849; x_wconf 48' lang='lat' dir='ltr'><strong>{ghiffiiiemsslfiffiff‘ss„¹33&#39;tt¹¹‹⁸de⁰c⁸.⁸.⁰};.‡‡¹‘inissffli‘iffi&#39;kssiffi&#39;</strong></span> 
     </span>
     <span class='ocr_line' id='line_1_46' title="bbox 714 2847 2157 2908; baseline -0.005 -10"><span class='ocrx_word' id='word_1_334' title='bbox 714 2853 829 2908; x_wconf 88' lang='lat' dir='ltr'><strong>cilla,</strong></span> <span class='ocrx_word' id='word_1_335' title='bbox 857 2865 914 2896; x_wconf 81' lang='lat' dir='ltr'><strong>ex</strong></span> <span class='ocrx_word' id='word_1_336' title='bbox 943 2864 1030 2908; x_wconf 87' lang='lat' dir='ltr'><strong>qua</strong></span> <span class='ocrx_word' id='word_1_337' title='bbox 1058 2850 1293 2896; x_wconf 83' lang='lat' dir='ltr'><strong>Arcadium</strong></span> <span class='ocrx_word' id='word_1_338' title='bbox 1324 2852 1369 2893; x_wconf 91' lang='lat' dir='ltr'><strong>et</strong></span> <span class='ocrx_word' id='word_1_339' title='bbox 1398 2850 1636 2893; x_wconf 83' lang='lat' dir='ltr'><strong>Honorium</strong></span> <span class='ocrx_word' id='word_1_340' title='bbox 1669 2847 1964 2905; x_wconf 85' lang='lat' dir='ltr'><strong>susceperat),</strong></span> <span class='ocrx_word' id='word_1_341' title='bbox 1994 2851 2039 2892; x_wconf 82' lang='lat' dir='ltr'><strong>et</strong></span> <span class='ocrx_word' id='word_1_342' title='bbox 2069 2848 2157 2891; x_wconf 85' lang='lat' dir='ltr'><strong>bel·</strong></span> 
     </span>
     <span class='ocr_line' id='line_1_47' title="bbox 714 2913 970 2957; baseline -0.008 0"><span class='ocrx_word' id='word_1_343' title='bbox 714 2913 804 2957; x_wconf 87' lang='lat' dir='ltr'><strong>lum</strong></span> <span class='ocrx_word' id='word_1_344' title='bbox 865 2913 970 2955; x_wconf 86' lang='lat' dir='ltr'><strong>arat.</strong></span> 
     </span>
    </p>

    <p class='ocr_par' dir='ltr' id='par_1_21' title="bbox 228 2925 2157 3203">
     <span class='ocr_line' id='line_1_48' title="bbox 228 2925 2156 3027; baseline -0.009 -2"><span class='ocrx_word' id='word_1_345' title='bbox 228 2978 317 3025; x_wconf 87' lang='lat'><strong>388</strong></span> <span class='ocrx_word' id='word_1_346' title='bbox 356 2978 492 3023; x_wconf 75' lang='lat'>.1141</span> <span class='ocrx_word' id='word_1_347' title='bbox 561 2975 617 3021; x_wconf 91' lang='grc'><strong>10</strong></span> <span class='ocrx_word' id='word_1_348' title='bbox 677 2925 951 3020; x_wconf 55' lang='grc' dir='ltr'><strong>Τὴοοάξείιιε</strong></span> <span class='ocrx_word' id='word_1_349' title='bbox 982 2967 1096 3027; x_wconf 84' lang='lat' dir='ltr'><strong>Aug.</strong></span> <span class='ocrx_word' id='word_1_350' title='bbox 1135 2968 1242 3021; x_wconf 87' lang='lat' dir='ltr'><strong>(boc</strong></span> <span class='ocrx_word' id='word_1_351' title='bbox 1274 2982 1311 3012; x_wconf 90' lang='lat' dir='ltr'><strong>a.</strong></span> <span class='ocrx_word' id='word_1_352' title='bbox 1343 2980 1433 3012; x_wconf 92' lang='lat' dir='ltr'><strong>cos.</strong></span> <span class='ocrx_word' id='word_1_353' title='bbox 1464 2967 1505 3012; x_wconf 92' lang='lat'><strong>11</strong></span> <span class='ocrx_word' id='word_1_354' title='bbox 1537 2980 1634 3011; x_wconf 88' lang='lat' dir='ltr'><strong>cum</strong></span> <span class='ocrx_word' id='word_1_355' title='bbox 1667 2964 1903 3023; x_wconf 81' lang='lat' dir='ltr'><strong>Cynegio),</strong></span> <span class='ocrx_word' id='word_1_356' title='bbox 1943 2964 2071 3021; x_wconf 88' lang='lat' dir='ltr'><strong>pulso</strong></span> <span class='ocrx_word' id='word_1_357' title='bbox 2102 2963 2156 3006; x_wconf 82' lang='lat' dir='ltr'><strong>ad</strong></span> 
     </span>
     <span class='ocr_line' id='line_1_49' title="bbox 715 3022 2156 3081; baseline -0.008 -4"><span class='ocrx_word' id='word_1_358' title='bbox 715 3031 904 3078; x_wconf 83' lang='lat' dir='ltr'><strong>Sisciam</strong></span> <span class='ocrx_word' id='word_1_359' title='bbox 935 3031 980 3074; x_wconf 90' lang='lat' dir='ltr'><strong>et</strong></span> <span class='ocrx_word' id='word_1_360' title='bbox 1009 3029 1290 3074; x_wconf 86' lang='lat' dir='ltr'><strong>Petovionem</strong></span> <span class='ocrx_word' id='word_1_361' title='bbox 1321 3027 1517 3071; x_wconf 83' lang='lat' dir='ltr'><strong>exercitu</strong></span> <span class='ocrx_word' id='word_1_362' title='bbox 1546 3026 1745 3076; x_wconf 71' lang='lat' dir='ltr'><strong>Maximi,</strong></span> <span class='ocrx_word' id='word_1_363' title='bbox 1782 3027 2041 3081; x_wconf 78' lang='lat' dir='ltr'><strong>receptaque</strong></span> <span class='ocrx_word' id='word_1_364' title='bbox 2073 3022 2156 3066; x_wconf 81' lang='lat' dir='ltr'><strong>lle·</strong></span> 
     </span>
     <span class='ocr_line' id='line_1_50' title="bbox 714 3082 2157 3146; baseline -0.007 -11"><span class='ocrx_word' id='word_1_365' title='bbox 714 3103 856 3143; x_wconf 89' lang='lat' dir='ltr'><strong>mona,</strong></span> <span class='ocrx_word' id='word_1_366' title='bbox 873 3088 1100 3146; x_wconf 85' lang='lat' dir='ltr'><strong>Aquileiae</strong></span> <span class='ocrx_word' id='word_1_367' title='bbox 1117 3091 1348 3144; x_wconf 81' lang='lat' dir='ltr'><strong>tyrannum</strong></span> <span class='ocrx_word' id='word_1_368' title='bbox 1370 3086 1489 3143; x_wconf 89' lang='lat' dir='ltr'><strong>capit</strong></span> <span class='ocrx_word' id='word_1_369' title='bbox 1508 3088 1553 3129; x_wconf 90' lang='lat' dir='ltr'><strong>et</strong></span> <span class='ocrx_word' id='word_1_370' title='bbox 1570 3085 1785 3142; x_wconf 87' lang='lat' dir='ltr'><strong>supplicio</strong></span> <span class='ocrx_word' id='word_1_371' title='bbox 1803 3082 1951 3127; x_wconf 81' lang='lat' dir='ltr'><strong>afficit.</strong></span> <span class='ocrx_word' id='word_1_372' title='bbox 1973 3082 2157 3134; x_wconf 59' lang='lat' dir='ltr'><strong>(assuto</strong></span> 
     </span>
     <span class='ocr_line' id='line_1_51' title="bbox 714 3141 2157 3203; baseline -0.008 -8"><span class='ocrx_word' id='word_1_373' title='bbox 714 3151 756 3196; x_wconf 89' lang='lat' dir='ltr'><strong>h.</strong></span> <span class='ocrx_word' id='word_1_374' title='bbox 778 3149 839 3203; x_wconf 88' lang='lat' dir='ltr'><strong>a.)</strong></span> <span class='ocrx_word' id='word_1_375' title='bbox 902 3148 1088 3193; x_wconf 83' lang='lat' dir='ltr'><strong>Galliam</strong></span> <span class='ocrx_word' id='word_1_376' title='bbox 1118 3147 1164 3190; x_wconf 89' lang='lat' dir='ltr'><strong>in</strong></span> <span class='ocrx_word' id='word_1_377' title='bbox 1195 3148 1456 3203; x_wconf 77' lang='lat' dir='ltr'><strong>potestatem</strong></span> <span class='ocrx_word' id='word_1_378' title='bbox 1485 3144 1647 3200; x_wconf 84' lang='lat' dir='ltr'><strong>redigit</strong></span> <span class='ocrx_word' id='word_1_379' title='bbox 1666 3145 1932 3199; x_wconf 74' lang='lat' dir='ltr'><strong>Arboqaeum,</strong></span> <span class='ocrx_word' id='word_1_380' title='bbox 1964 3141 2157 3185; x_wconf 75' lang='lat' dir='ltr'><strong>Francus</strong></span> 
     </span>
    </p>

    <p class='ocr_par' dir='ltr' id='par_1_22' title="bbox 715 3203 2158 3373">
     <span class='ocr_line' id='line_1_52' title="bbox 747 3203 2157 3264; baseline -0.009 -9"><span class='ocrx_word' id='word_1_381' title='bbox 747 3221 898 3262; x_wconf 79' lang='lat' dir='ltr'><strong>onere,</strong></span> <span class='ocrx_word' id='word_1_382' title='bbox 941 3207 1150 3264; x_wconf 87' lang='lat' dir='ltr'><strong>magister</strong></span> <span class='ocrx_word' id='word_1_383' title='bbox 1189 3204 1395 3257; x_wconf 90' lang='lat' dir='ltr'><strong>militum,</strong></span> <span class='ocrx_word' id='word_1_384' title='bbox 1443 3203 1591 3248; x_wconf 87' lang='lat' dir='ltr'><strong>occiso</strong></span> <span class='ocrx_word' id='word_1_385' title='bbox 1632 3203 1828 3254; x_wconf 79' lang='lat' dir='ltr'><strong>Victore,</strong></span> <span class='ocrx_word' id='word_1_386' title='bbox 1867 3213 1997 3258; x_wconf 89' lang='lat' dir='ltr'><strong>quem</strong></span> <span class='ocrx_word' id='word_1_387' title='bbox 2033 3206 2157 3257; x_wconf 80' lang='lat' dir='ltr'><strong>pater</strong></span> 
     </span>
     <span class='ocr_line' id='line_1_53' title="bbox 715 3223 2158 3320; baseline -0.008 -6"><span class='ocrx_word' id='word_1_388' title='bbox 715 3223 930 3314; x_wconf 57' lang='lat' dir='ltr'><strong>§luimus</strong></span> <span class='ocrx_word' id='word_1_389' title='bbox 961 3267 1023 3310; x_wconf 92' lang='lat' dir='ltr'><strong>ibi</strong></span> <span class='ocrx_word' id='word_1_390' title='bbox 1062 3277 1160 3309; x_wconf 88' lang='lat' dir='ltr'><strong>cum</strong></span> <span class='ocrx_word' id='word_1_391' title='bbox 1201 3264 1381 3320; x_wconf 88' lang='lat' dir='ltr'><strong>imperio</strong></span> <span class='ocrx_word' id='word_1_392' title='bbox 1419 3262 1666 3320; x_wconf 83' lang='lat' dir='ltr'><strong>reliquerat.</strong></span> <span class='ocrx_word' id='word_1_393' title='bbox 1729 3261 2030 3318; x_wconf 80' lang='lat' dir='ltr'><strong>Tyrannorum</strong></span> <span class='ocrx_word' id='word_1_394' title='bbox 2060 3265 2158 3303; x_wconf 80' lang='lat' dir='ltr'><strong>acta</strong></span> 
     </span>
     <span class='ocr_line' id='line_1_54' title="bbox 715 3328 955 3373; baseline -0.021 0"><span class='ocrx_word' id='word_1_395' title='bbox 715 3328 955 3373; x_wconf 87' lang='lat' dir='ltr'><strong>abolentur.</strong></span> 
     </span>
    </p>

    <p class='ocr_par' dir='ltr' id='par_1_23' title="bbox 234 3377 2157 3615">
     <span class='ocr_line' id='line_1_55' title="bbox 234 3377 2157 3436; baseline -0.008 1"><span class='ocrx_word' id='word_1_396' title='bbox 234 3389 320 3436; x_wconf 82' lang='lat'><strong>389</strong></span> <span class='ocrx_word' id='word_1_397' title='bbox 384 3390 497 3436; x_wconf 81' lang='lat'>1142</span> <span class='ocrx_word' id='word_1_398' title='bbox 560 3389 611 3435; x_wconf 93' lang='lat'><strong>11</strong></span> <span class='ocrx_word' id='word_1_399' title='bbox 675 3388 744 3434; x_wconf 80' lang='lat' dir='ltr'><strong>Fl.</strong></span> <span class='ocrx_word' id='word_1_400' title='bbox 774 3386 968 3431; x_wconf 85' lang='lat' dir='ltr'><strong>Timasio</strong></span> <span class='ocrx_word' id='word_1_401' title='bbox 999 3386 1044 3428; x_wconf 85' lang='lat' dir='ltr'><strong>et</strong></span> <span class='ocrx_word' id='word_1_402' title='bbox 1072 3382 1138 3426; x_wconf 86' lang='lat' dir='ltr'><strong>Fl.</strong></span> <span class='ocrx_word' id='word_1_403' title='bbox 1171 3381 1375 3426; x_wconf 88' lang='lat' dir='ltr'><strong>Promoto</strong></span> <span class='ocrx_word' id='word_1_404' title='bbox 1405 3393 1497 3426; x_wconf 91' lang='lat' dir='ltr'><strong>cos.</strong></span> <span class='ocrx_word' id='word_1_405' title='bbox 1529 3380 1667 3434; x_wconf 89' lang='lat' dir='ltr'><strong>(bello</strong></span> <span class='ocrx_word' id='word_1_406' title='bbox 1698 3378 1853 3430; x_wconf 86' lang='lat' dir='ltr'><strong>claris)</strong></span> <span class='ocrx_word' id='word_1_407' title='bbox 1886 3377 2157 3422; x_wconf 85' lang='lat' dir='ltr'><strong>Theodosius</strong></span> 
     </span>
     <span class='ocr_line' id='line_1_56' title="bbox 718 3436 2157 3498; baseline -0.006 -9"><span class='ocrx_word' id='word_1_408' title='bbox 718 3458 816 3490; x_wconf 90' lang='lat' dir='ltr'><strong>cum</strong></span> <span class='ocrx_word' id='word_1_409' title='bbox 856 3442 1162 3487; x_wconf 85' lang='lat' dir='ltr'><strong>Valentiniano</strong></span> <span class='ocrx_word' id='word_1_410' title='bbox 1201 3440 1372 3498; x_wconf 86' lang='lat' dir='ltr'><strong>collega</strong></span> <span class='ocrx_word' id='word_1_411' title='bbox 1411 3443 1457 3484; x_wconf 89' lang='lat' dir='ltr'><strong>et</strong></span> <span class='ocrx_word' id='word_1_412' title='bbox 1486 3440 1677 3484; x_wconf 78' lang='lat' dir='ltr'><strong>Honorio</strong></span> <span class='ocrx_word' id='word_1_413' title='bbox 1716 3437 1805 3482; x_wconf 79' lang='lat' dir='ltr'><strong>filio</strong></span> <span class='ocrx_word' id='word_1_414' title='bbox 1844 3436 2157 3495; x_wconf 72' lang='lat' dir='ltr'><strong>triumphantes</strong></span> 
     </span>
     <span class='ocr_line' id='line_1_57' title="bbox 718 3497 2157 3554; baseline -0.006 -6"><span class='ocrx_word' id='word_1_415' title='bbox 718 3506 899 3548; x_wconf 86' lang='lat' dir='ltr'><strong>Romam</strong></span> <span class='ocrx_word' id='word_1_416' title='bbox 930 3501 1100 3546; x_wconf 86' lang='lat' dir='ltr'><strong>131un.</strong></span> <span class='ocrx_word' id='word_1_417' title='bbox 1132 3500 1309 3552; x_wconf 82' lang='lat' dir='ltr'><strong>intrant,</strong></span> <span class='ocrx_word' id='word_1_418' title='bbox 1340 3499 1587 3543; x_wconf 83' lang='lat' dir='ltr'><strong>Theodosio</strong></span> <span class='ocrx_word' id='word_1_419' title='bbox 1618 3498 1872 3542; x_wconf 86' lang='lat' dir='ltr'><strong>decennalia</strong></span> <span class='ocrx_word' id='word_1_420' title='bbox 1902 3510 1982 3541; x_wconf 83' lang='lat' dir='ltr'><strong>sua</strong></span> <span class='ocrx_word' id='word_1_421' title='bbox 2012 3497 2157 3554; x_wconf 78' lang='lat' dir='ltr'><strong>agenti</strong></span> 
     </span>
     <span class='ocr_line' id='line_1_58' title="bbox 721 3556 2157 3615; baseline -0.006 -7"><span class='ocrx_word' id='word_1_422' title='bbox 721 3566 898 3608; x_wconf 87' lang='lat' dir='ltr'><strong>senatus</strong></span> <span class='ocrx_word' id='word_1_423' title='bbox 930 3562 1053 3605; x_wconf 86' lang='lat' dir='ltr'><strong>Rom.</strong></span> <span class='ocrx_word' id='word_1_424' title='bbox 1086 3560 1244 3603; x_wconf 87' lang='lat' dir='ltr'><strong>donum</strong></span> <span class='ocrx_word' id='word_1_425' title='bbox 1283 3558 1410 3602; x_wconf 78' lang='lat' dir='ltr'><strong>offert</strong></span> <span class='ocrx_word' id='word_1_426' title='bbox 1445 3559 1559 3603; x_wconf 72' lang='lat'>1600</span> <span class='ocrx_word' id='word_1_427' title='bbox 1589 3557 1731 3615; x_wconf 87' lang='lat' dir='ltr'><strong>pondo</strong></span> <span class='ocrx_word' id='word_1_428' title='bbox 1763 3557 1869 3601; x_wconf 88' lang='lat' dir='ltr'><strong>auri.</strong></span> <span class='ocrx_word' id='word_1_429' title='bbox 1930 3556 2023 3601; x_wconf 83' lang='lat' dir='ltr'><strong>Cal.</strong></span> <span class='ocrx_word' id='word_1_430' title='bbox 2055 3556 2157 3600; x_wconf 73' lang='lat' dir='ltr'><strong>Sex.</strong></span> 
     </span>
    </p>
   </div>
  </div>
 </body>
</html>
