<?xml version="1.0" encoding="UTF-8"?>
<!DOCTYPE html PUBLIC "-//W3C//DTD XHTML 1.0 Transitional//EN"
    "http://www.w3.org/TR/xhtml1/DTD/xhtml1-transitional.dtd">
<html xmlns="http://www.w3.org/1999/xhtml" xml:lang="en" lang="en">
 <head>
  <title>
</title>
<meta http-equiv="Content-Type" content="text/html;charset=utf-8" />
  <meta name='ocr-system' content='tesseract 3.04.00' />
  <meta name='ocr-capabilities' content='ocr_page ocr_carea ocr_par ocr_line ocrx_word'/>
</head>
<body>
  <div class='ocr_page' id='page_1' title='image "annalesveterumre00zumpuoft_0020.png"; bbox 0 0 2392 4016; ppageno 0'>
   <div class='ocr_carea' id='block_1_1' title="bbox 336 215 1456 263">
    <p class='ocr_par' dir='ltr' id='par_1_1' title="bbox 336 215 1456 263">
     <span class='ocr_line' id='line_1_1' title="bbox 336 215 1456 263; baseline -0.001 0"><span class='ocrx_word' id='word_1_1' title='bbox 336 228 421 263; x_wconf 79' lang='lat' dir='ltr'><strong>xlv</strong></span> <span class='ocrx_word' id='word_1_2' title='bbox 1131 215 1194 260; x_wconf 86' lang='lat' dir='ltr'><strong>De</strong></span> <span class='ocrx_word' id='word_1_3' title='bbox 1224 217 1456 262; x_wconf 84' lang='lat' dir='ltr'><strong>auctoribus</strong></span> 
     </span>
    </p>
   </div>
   <div class='ocr_carea' id='block_1_2' title="bbox 329 364 2253 1713">
    <p class='ocr_par' dir='ltr' id='par_1_2' title="bbox 329 364 2253 1713">
     <span class='ocr_line' id='line_1_2' title="bbox 335 364 2252 424; baseline 0.001 -14"><span class='ocrx_word' id='word_1_4' title='bbox 335 367 601 424; x_wconf 81' lang='lat' dir='ltr'><strong>diligentiam</strong></span> <span class='ocrx_word' id='word_1_5' title='bbox 639 364 694 408; x_wconf 90' lang='lat' dir='ltr'><strong>ad</strong></span> <span class='ocrx_word' id='word_1_6' title='bbox 730 364 954 408; x_wconf 82' lang='lat' dir='ltr'><strong>historiam</strong></span> <span class='ocrx_word' id='word_1_7' title='bbox 996 378 1119 409; x_wconf 92' lang='lat' dir='ltr'><strong>suam</strong></span> <span class='ocrx_word' id='word_1_8' title='bbox 1157 366 1314 411; x_wconf 89' lang='lat' dir='ltr'><strong>litteris</strong></span> <span class='ocrx_word' id='word_1_9' title='bbox 1353 366 1694 424; x_wconf 79' lang='lat' dir='ltr'><strong>consignandam</strong></span> <span class='ocrx_word' id='word_1_10' title='bbox 1725 364 1947 412; x_wconf 77' lang='lat' dir='ltr'><strong>excitavit.</strong></span> <span class='ocrx_word' id='word_1_11' title='bbox 2011 366 2119 413; x_wconf 85' lang='lat' dir='ltr'><strong>Eius</strong></span> <span class='ocrx_word' id='word_1_12' title='bbox 2149 382 2252 412; x_wconf 84' lang='lat' dir='ltr'><strong>sum-</strong></span> 
     </span>
     <span class='ocr_line' id='line_1_3' title="bbox 333 438 2251 494; baseline 0.001 -13"><span class='ocrx_word' id='word_1_13' title='bbox 333 455 434 481; x_wconf 87' lang='lat' dir='ltr'><strong>mam</strong></span> <span class='ocrx_word' id='word_1_14' title='bbox 467 438 654 481; x_wconf 84' lang='lat' dir='ltr'><strong>breviter</strong></span> <span class='ocrx_word' id='word_1_15' title='bbox 685 438 953 494; x_wconf 87' lang='lat' dir='ltr'><strong>scripserunt</strong></span> <span class='ocrx_word' id='word_1_16' title='bbox 981 438 1210 493; x_wconf 74' lang='lat' dir='ltr'><strong><em>Eutropius</em></strong></span> <span class='ocrx_word' id='word_1_17' title='bbox 1240 442 1285 483; x_wconf 91' lang='lat' dir='ltr'><strong>et</strong></span> <span class='ocrx_word' id='word_1_18' title='bbox 1313 439 1506 483; x_wconf 81' lang='lat' dir='ltr'><strong>Aurelius</strong></span> <span class='ocrx_word' id='word_1_19' title='bbox 1523 441 1676 494; x_wconf 62' lang='lat' dir='ltr'><strong>Victor,</strong></span> <span class='ocrx_word' id='word_1_20' title='bbox 1707 441 1879 484; x_wconf 88' lang='lat' dir='ltr'><strong>diversa</strong></span> <span class='ocrx_word' id='word_1_21' title='bbox 1908 440 2091 484; x_wconf 90' lang='lat' dir='ltr'><strong>ratione.</strong></span> <span class='ocrx_word' id='word_1_22' title='bbox 2140 441 2251 484; x_wconf 89' lang='lat' dir='ltr'><strong>Nam</strong></span> 
     </span>
     <span class='ocr_line' id='line_1_4' title="bbox 336 509 2251 568; baseline 0.001 -15"><span class='ocrx_word' id='word_1_23' title='bbox 336 510 444 553; x_wconf 89' lang='lat' dir='ltr'><strong>alter</strong></span> <span class='ocrx_word' id='word_1_24' title='bbox 473 523 543 553; x_wconf 90' lang='lat' dir='ltr'><strong>res</strong></span> <span class='ocrx_word' id='word_1_25' title='bbox 573 509 791 553; x_wconf 89' lang='lat' dir='ltr'><strong>Romanas</strong></span> <span class='ocrx_word' id='word_1_26' title='bbox 822 522 960 566; x_wconf 91' lang='lat' dir='ltr'><strong>usque</strong></span> <span class='ocrx_word' id='word_1_27' title='bbox 991 509 1046 552; x_wconf 90' lang='lat' dir='ltr'><strong>ad</strong></span> <span class='ocrx_word' id='word_1_28' title='bbox 1076 509 1243 553; x_wconf 79' lang='lat' dir='ltr'><strong>Ioviani</strong></span> <span class='ocrx_word' id='word_1_29' title='bbox 1273 510 1544 567; x_wconf 88' lang='lat' dir='ltr'><strong>imperatoris</strong></span> <span class='ocrx_word' id='word_1_30' title='bbox 1575 515 1759 556; x_wconf 90' lang='lat' dir='ltr'><strong>mortem</strong></span> <span class='ocrx_word' id='word_1_31' title='bbox 1790 513 1851 564; x_wconf 93' lang='lat' dir='ltr'><strong>(a.</strong></span> <span class='ocrx_word' id='word_1_32' title='bbox 1884 515 1986 568; x_wconf 86' lang='lat' dir='ltr'><strong>post</strong></span> <span class='ocrx_word' id='word_1_33' title='bbox 2018 511 2116 555; x_wconf 87' lang='lat' dir='ltr'><strong>Chr.</strong></span> <span class='ocrx_word' id='word_1_34' title='bbox 2148 511 2251 563; x_wconf 83' lang='lat'>364)</span> 
     </span>
     <span class='ocr_line' id='line_1_5' title="bbox 335 581 2253 640; baseline 0.001 -16"><span class='ocrx_word' id='word_1_35' title='bbox 335 582 473 625; x_wconf 90' lang='lat' dir='ltr'><strong>tribus</strong></span> <span class='ocrx_word' id='word_1_36' title='bbox 505 581 629 625; x_wconf 89' lang='lat' dir='ltr'><strong>libris</strong></span> <span class='ocrx_word' id='word_1_37' title='bbox 660 584 870 637; x_wconf 90' lang='lat' dir='ltr'><strong>perpetua</strong></span> <span class='ocrx_word' id='word_1_38' title='bbox 900 594 950 624; x_wconf 89' lang='lat' dir='ltr'><strong>ac</strong></span> <span class='ocrx_word' id='word_1_39' title='bbox 984 581 1173 637; x_wconf 87' lang='lat' dir='ltr'><strong>simplici</strong></span> <span class='ocrx_word' id='word_1_40' title='bbox 1201 584 1446 626; x_wconf 81' lang='lat' dir='ltr'><strong>narratione</strong></span> <span class='ocrx_word' id='word_1_41' title='bbox 1477 596 1582 627; x_wconf 91' lang='lat' dir='ltr'><strong>usus</strong></span> <span class='ocrx_word' id='word_1_42' title='bbox 1605 585 1801 640; x_wconf 75' lang='lat' dir='ltr'><strong>scripsitz</strong></span> <span class='ocrx_word' id='word_1_43' title='bbox 1835 584 1974 626; x_wconf 85' lang='lat' dir='ltr'><strong>Victor</strong></span> <span class='ocrx_word' id='word_1_44' title='bbox 2004 583 2090 634; x_wconf 86' lang='lat' dir='ltr'><strong>(vel</strong></span> <span class='ocrx_word' id='word_1_45' title='bbox 2105 583 2253 626; x_wconf 89' lang='lat' dir='ltr'><strong>Victo-</strong></span> 
     </span>
     <span class='ocr_line' id='line_1_6' title="bbox 331 653 2251 711; baseline 0 -14"><span class='ocrx_word' id='word_1_46' title='bbox 331 666 417 707; x_wconf 91' lang='lat' dir='ltr'><strong>res,</strong></span> <span class='ocrx_word' id='word_1_47' title='bbox 448 666 547 696; x_wconf 91' lang='lat' dir='ltr'><strong>nam</strong></span> <span class='ocrx_word' id='word_1_48' title='bbox 577 653 724 710; x_wconf 89' lang='lat' dir='ltr'><strong>plures</strong></span> <span class='ocrx_word' id='word_1_49' title='bbox 754 653 890 696; x_wconf 86' lang='lat' dir='ltr'><strong>fuisse</strong></span> <span class='ocrx_word' id='word_1_50' title='bbox 922 655 1120 696; x_wconf 80' lang='lat' dir='ltr'><strong>auctores</strong></span> <span class='ocrx_word' id='word_1_51' title='bbox 1153 653 1341 706; x_wconf 88' lang='lat' dir='ltr'><strong>constat)</strong></span> <span class='ocrx_word' id='word_1_52' title='bbox 1371 657 1542 710; x_wconf 90' lang='lat' dir='ltr'><strong>praeter</strong></span> <span class='ocrx_word' id='word_1_53' title='bbox 1574 656 1839 711; x_wconf 80' lang='lat' dir='ltr'><strong>singularem</strong></span> <span class='ocrx_word' id='word_1_54' title='bbox 1870 655 2063 698; x_wconf 91' lang='lat' dir='ltr'><strong>libellum</strong></span> <span class='ocrx_word' id='word_1_55' title='bbox 2094 654 2147 697; x_wconf 93' lang='lat' dir='ltr'><strong>de</strong></span> <span class='ocrx_word' id='word_1_56' title='bbox 2169 655 2251 697; x_wconf 92' lang='lat' dir='ltr'><strong>ori-</strong></span> 
     </span>
     <span class='ocr_line' id='line_1_7' title="bbox 334 723 2252 783; baseline 0 -15"><span class='ocrx_word' id='word_1_57' title='bbox 334 726 433 782; x_wconf 86' lang='lat' dir='ltr'><strong>gine</strong></span> <span class='ocrx_word' id='word_1_58' title='bbox 464 725 587 768; x_wconf 92' lang='lat' dir='ltr'><strong>Rom.</strong></span> <span class='ocrx_word' id='word_1_59' title='bbox 620 725 784 781; x_wconf 88' lang='lat' dir='ltr'><strong>gentis,</strong></span> <span class='ocrx_word' id='word_1_60' title='bbox 825 725 927 768; x_wconf 82' lang='lat' dir='ltr'><strong>vitis</strong></span> <span class='ocrx_word' id='word_1_61' title='bbox 958 725 1191 767; x_wconf 88' lang='lat' dir='ltr'><strong>illustrium</strong></span> <span class='ocrx_word' id='word_1_62' title='bbox 1221 725 1409 768; x_wconf 83' lang='lat' dir='ltr'><strong>virorum</strong></span> <span class='ocrx_word' id='word_1_63' title='bbox 1441 723 1630 778; x_wconf 88' lang='lat' dir='ltr'><strong>(liberae</strong></span> <span class='ocrx_word' id='word_1_64' title='bbox 1660 727 1725 770; x_wconf 90' lang='lat' dir='ltr'><strong>rei</strong></span> <span class='ocrx_word' id='word_1_65' title='bbox 1755 727 1955 783; x_wconf 89' lang='lat' dir='ltr'><strong>publicae</strong></span> <span class='ocrx_word' id='word_1_66' title='bbox 1985 724 2252 782; x_wconf 84' lang='lat' dir='ltr'><strong>principum)</strong></span> 
     </span>
     <span class='ocr_line' id='line_1_8' title="bbox 333 796 2251 855; baseline -0.001 -14"><span class='ocrx_word' id='word_1_67' title='bbox 333 802 377 841; x_wconf 92' lang='lat' dir='ltr'><strong>et</strong></span> <span class='ocrx_word' id='word_1_68' title='bbox 416 797 650 841; x_wconf 81' lang='lat' dir='ltr'><strong>Caesarum</strong></span> <span class='ocrx_word' id='word_1_69' title='bbox 691 797 945 839; x_wconf 82' lang='lat' dir='ltr'><strong>brevissime</strong></span> <span class='ocrx_word' id='word_1_70' title='bbox 985 796 1282 840; x_wconf 89' lang='lat' dir='ltr'><strong>describendis</strong></span> <span class='ocrx_word' id='word_1_71' title='bbox 1318 798 1447 852; x_wconf 91' lang='lat' dir='ltr'><strong>paulo</strong></span> <span class='ocrx_word' id='word_1_72' title='bbox 1483 798 1628 840; x_wconf 90' lang='lat' dir='ltr'><strong>minus</strong></span> <span class='ocrx_word' id='word_1_73' title='bbox 1666 799 1872 855; x_wconf 88' lang='lat' dir='ltr'><strong>temporis</strong></span> <span class='ocrx_word' id='word_1_74' title='bbox 1913 797 2251 853; x_wconf 89' lang='lat' dir='ltr'><strong>comprehendit,</strong></span> 
     </span>
     <span class='ocr_line' id='line_1_9' title="bbox 330 867 2251 925; baseline 0 -13"><span class='ocrx_word' id='word_1_75' title='bbox 330 871 376 912; x_wconf 92' lang='lat' dir='ltr'><strong>in</strong></span> <span class='ocrx_word' id='word_1_76' title='bbox 409 868 652 912; x_wconf 87' lang='lat' dir='ltr'><strong>Constantii</strong></span> <span class='ocrx_word' id='word_1_77' title='bbox 680 880 828 924; x_wconf 89' lang='lat' dir='ltr'><strong>regno,</strong></span> <span class='ocrx_word' id='word_1_78' title='bbox 861 868 990 920; x_wconf 90' lang='lat' dir='ltr'><strong>(anno</strong></span> <span class='ocrx_word' id='word_1_79' title='bbox 1021 868 1154 911; x_wconf 86' lang='lat' dir='ltr'><strong>ferme</strong></span> <span class='ocrx_word' id='word_1_80' title='bbox 1175 867 1262 912; x_wconf 86' lang='lat'><strong>359</strong></span> <span class='ocrx_word' id='word_1_81' title='bbox 1292 881 1334 924; x_wconf 88' lang='lat' dir='ltr'><strong>p.</strong></span> <span class='ocrx_word' id='word_1_82' title='bbox 1357 867 1480 921; x_wconf 89' lang='lat' dir='ltr'><strong>Chr.)</strong></span> <span class='ocrx_word' id='word_1_83' title='bbox 1510 868 1728 912; x_wconf 88' lang='lat' dir='ltr'><strong>desinens.</strong></span> <span class='ocrx_word' id='word_1_84' title='bbox 1779 869 1868 912; x_wconf 86' lang='lat' dir='ltr'><strong>Sed</strong></span> <span class='ocrx_word' id='word_1_85' title='bbox 1898 872 2019 913; x_wconf 86' lang='lat' dir='ltr'><strong>extat</strong></span> <span class='ocrx_word' id='word_1_86' title='bbox 2047 870 2134 912; x_wconf 91' lang='lat' dir='ltr'><strong>alia</strong></span> <span class='ocrx_word' id='word_1_87' title='bbox 2163 870 2251 925; x_wconf 91' lang='lat' dir='ltr'><strong>epi-</strong></span> 
     </span>
     <span class='ocr_line' id='line_1_10' title="bbox 330 938 2251 985; baseline 0 -1"><span class='ocrx_word' id='word_1_88' title='bbox 330 944 446 984; x_wconf 83' lang='lat' dir='ltr'><strong>tome</strong></span> <span class='ocrx_word' id='word_1_89' title='bbox 476 940 529 983; x_wconf 92' lang='lat' dir='ltr'><strong>de</strong></span> <span class='ocrx_word' id='word_1_90' title='bbox 559 940 648 983; x_wconf 84' lang='lat' dir='ltr'><strong>vita</strong></span> <span class='ocrx_word' id='word_1_91' title='bbox 679 941 723 982; x_wconf 91' lang='lat' dir='ltr'><strong>et</strong></span> <span class='ocrx_word' id='word_1_92' title='bbox 754 939 946 982; x_wconf 89' lang='lat' dir='ltr'><strong>moribus</strong></span> <span class='ocrx_word' id='word_1_93' title='bbox 979 938 1214 982; x_wconf 83' lang='lat' dir='ltr'><strong>Caesarum</strong></span> <span class='ocrx_word' id='word_1_94' title='bbox 1245 940 1326 983; x_wconf 89' lang='lat' dir='ltr'><strong>sub</strong></span> <span class='ocrx_word' id='word_1_95' title='bbox 1359 940 1510 984; x_wconf 91' lang='lat' dir='ltr'><strong>eodem</strong></span> <span class='ocrx_word' id='word_1_96' title='bbox 1541 942 1714 984; x_wconf 89' lang='lat' dir='ltr'><strong>nomine</strong></span> <span class='ocrx_word' id='word_1_97' title='bbox 1740 941 1917 984; x_wconf 79' lang='lat' dir='ltr'><strong>Victoris</strong></span> <span class='ocrx_word' id='word_1_98' title='bbox 1947 944 1991 984; x_wconf 92' lang='lat' dir='ltr'><strong>et</strong></span> <span class='ocrx_word' id='word_1_99' title='bbox 2022 942 2155 985; x_wconf 86' lang='lat' dir='ltr'><strong>simili</strong></span> <span class='ocrx_word' id='word_1_100' title='bbox 2184 955 2251 984; x_wconf 91' lang='lat' dir='ltr'><strong>ra-</strong></span> 
     </span>
     <span class='ocr_line' id='line_1_11' title="bbox 331 1011 2249 1066; baseline 0.001 -11"><span class='ocrx_word' id='word_1_101' title='bbox 331 1013 448 1055; x_wconf 90' lang='lat' dir='ltr'><strong>tione</strong></span> <span class='ocrx_word' id='word_1_102' title='bbox 480 1011 739 1066; x_wconf 89' lang='lat' dir='ltr'><strong>conscripta,</strong></span> <span class='ocrx_word' id='word_1_103' title='bbox 771 1023 855 1066; x_wconf 92' lang='lat' dir='ltr'><strong>qua</strong></span> <span class='ocrx_word' id='word_1_104' title='bbox 883 1011 1065 1053; x_wconf 91' lang='lat' dir='ltr'><strong>historia</strong></span> <span class='ocrx_word' id='word_1_105' title='bbox 1094 1023 1232 1066; x_wconf 89' lang='lat' dir='ltr'><strong>usque</strong></span> <span class='ocrx_word' id='word_1_106' title='bbox 1263 1011 1319 1054; x_wconf 92' lang='lat' dir='ltr'><strong>ad</strong></span> <span class='ocrx_word' id='word_1_107' title='bbox 1341 1011 1576 1056; x_wconf 86' lang='lat' dir='ltr'><strong>Theodosii</strong></span> <span class='ocrx_word' id='word_1_108' title='bbox 1605 1015 1787 1056; x_wconf 85' lang='lat' dir='ltr'><strong>mortem</strong></span> <span class='ocrx_word' id='word_1_109' title='bbox 1809 1013 1865 1064; x_wconf 88' lang='lat' dir='ltr'><strong>(a.</strong></span> <span class='ocrx_word' id='word_1_110' title='bbox 1883 1012 1989 1064; x_wconf 88' lang='lat'>395)</span> <span class='ocrx_word' id='word_1_111' title='bbox 2009 1013 2249 1056; x_wconf 85' lang='lat' dir='ltr'><strong>deducitur.</strong></span> 
     </span>
     <span class='ocr_line' id='line_1_12' title="bbox 330 1082 2252 1141; baseline 0.001 -15"><span class='ocrx_word' id='word_1_112' title='bbox 330 1084 495 1126; x_wconf 90' lang='lat' dir='ltr'><strong>Horum</strong></span> <span class='ocrx_word' id='word_1_113' title='bbox 526 1083 786 1137; x_wconf 88' lang='lat' dir='ltr'><strong>scriptorum</strong></span> <span class='ocrx_word' id='word_1_114' title='bbox 817 1082 1052 1125; x_wconf 83' lang='lat' dir='ltr'><strong>auctoritas</strong></span> <span class='ocrx_word' id='word_1_115' title='bbox 1084 1095 1182 1125; x_wconf 90' lang='lat' dir='ltr'><strong>cum</strong></span> <span class='ocrx_word' id='word_1_116' title='bbox 1212 1083 1258 1125; x_wconf 93' lang='lat' dir='ltr'><strong>in</strong></span> <span class='ocrx_word' id='word_1_117' title='bbox 1287 1084 1598 1127; x_wconf 80' lang='lat' dir='ltr'><strong>vetustioribus</strong></span> <span class='ocrx_word' id='word_1_118' title='bbox 1627 1084 1916 1140; x_wconf 87' lang='lat' dir='ltr'><strong>temporibus,</strong></span> <span class='ocrx_word' id='word_1_119' title='bbox 1955 1085 2031 1128; x_wconf 90' lang='lat' dir='ltr'><strong>ubi</strong></span> <span class='ocrx_word' id='word_1_120' title='bbox 2061 1085 2252 1141; x_wconf 91' lang='lat' dir='ltr'><strong>locuple-</strong></span> 
     </span>
     <span class='ocr_line' id='line_1_13' title="bbox 329 1153 2251 1216; baseline 0.001 -18"><span class='ocrx_word' id='word_1_121' title='bbox 329 1155 463 1198; x_wconf 81' lang='lat' dir='ltr'><strong>tiores</strong></span> <span class='ocrx_word' id='word_1_122' title='bbox 493 1156 630 1197; x_wconf 89' lang='lat' dir='ltr'><strong>testes</strong></span> <span class='ocrx_word' id='word_1_123' title='bbox 662 1155 824 1216; x_wconf 83' lang='lat' dir='ltr'><strong>extant,</strong></span> <span class='ocrx_word' id='word_1_124' title='bbox 855 1153 979 1195; x_wconf 81' lang='lat' dir='ltr'><strong>nulla</strong></span> <span class='ocrx_word' id='word_1_125' title='bbox 1005 1154 1076 1207; x_wconf 92' lang='lat' dir='ltr'><strong>sit,</strong></span> <span class='ocrx_word' id='word_1_126' title='bbox 1106 1156 1252 1197; x_wconf 90' lang='lat' dir='ltr'><strong>tamen</strong></span> <span class='ocrx_word' id='word_1_127' title='bbox 1282 1166 1367 1209; x_wconf 94' lang='lat' dir='ltr'><strong>quo</strong></span> <span class='ocrx_word' id='word_1_128' title='bbox 1397 1156 1575 1211; x_wconf 86' lang='lat' dir='ltr'><strong>propius</strong></span> <span class='ocrx_word' id='word_1_129' title='bbox 1607 1156 1662 1198; x_wconf 90' lang='lat' dir='ltr'><strong>ad</strong></span> <span class='ocrx_word' id='word_1_130' title='bbox 1689 1156 1884 1210; x_wconf 90' lang='lat' dir='ltr'><strong>ipsorum</strong></span> <span class='ocrx_word' id='word_1_131' title='bbox 1913 1159 2100 1200; x_wconf 86' lang='lat' dir='ltr'><strong>aetatem</strong></span> <span class='ocrx_word' id='word_1_132' title='bbox 2132 1158 2251 1200; x_wconf 85' lang='lat' dir='ltr'><strong>veni-</strong></span> 
     </span>
     <span class='ocr_line' id='line_1_14' title="bbox 329 1224 2251 1284; baseline 0.002 -15"><span class='ocrx_word' id='word_1_133' title='bbox 329 1239 447 1279; x_wconf 85' lang='lat' dir='ltr'><strong>mus,</strong></span> <span class='ocrx_word' id='word_1_134' title='bbox 476 1225 687 1282; x_wconf 88' lang='lat' dir='ltr'><strong>imprimis</strong></span> <span class='ocrx_word' id='word_1_135' title='bbox 718 1224 936 1278; x_wconf 83' lang='lat' dir='ltr'><strong>Eutropii,</strong></span> <span class='ocrx_word' id='word_1_136' title='bbox 966 1225 1092 1268; x_wconf 84' lang='lat' dir='ltr'><strong>valde</strong></span> <span class='ocrx_word' id='word_1_137' title='bbox 1123 1227 1318 1281; x_wconf 86' lang='lat' dir='ltr'><strong>augetur.</strong></span> <span class='ocrx_word' id='word_1_138' title='bbox 1379 1225 1444 1268; x_wconf 92' lang='lat' dir='ltr'><strong>De</strong></span> <span class='ocrx_word' id='word_1_139' title='bbox 1480 1227 1618 1269; x_wconf 83' lang='lat' dir='ltr'><strong>Orosii</strong></span> <span class='ocrx_word' id='word_1_140' title='bbox 1647 1238 1800 1282; x_wconf 88' lang='lat' dir='ltr'><strong>opere,</strong></span> <span class='ocrx_word' id='word_1_141' title='bbox 1836 1228 2072 1284; x_wconf 86' lang='lat' dir='ltr'><strong>praecipue</strong></span> <span class='ocrx_word' id='word_1_142' title='bbox 2102 1229 2159 1272; x_wconf 92' lang='lat' dir='ltr'><strong>ad</strong></span> <span class='ocrx_word' id='word_1_143' title='bbox 2187 1229 2251 1272; x_wconf 91' lang='lat' dir='ltr'><strong>hi-</strong></span> 
     </span>
     <span class='ocr_line' id='line_1_15' title="bbox 331 1296 2250 1354; baseline 0.002 -14"><span class='ocrx_word' id='word_1_144' title='bbox 331 1297 509 1340; x_wconf 87' lang='lat' dir='ltr'><strong>storiam</strong></span> <span class='ocrx_word' id='word_1_145' title='bbox 538 1297 776 1339; x_wconf 84' lang='lat' dir='ltr'><strong>Romanam</strong></span> <span class='ocrx_word' id='word_1_146' title='bbox 796 1297 1078 1352; x_wconf 84' lang='lat' dir='ltr'><strong>pertinente,</strong></span> <span class='ocrx_word' id='word_1_147' title='bbox 1115 1297 1214 1340; x_wconf 82' lang='lat' dir='ltr'><strong>vide</strong></span> <span class='ocrx_word' id='word_1_148' title='bbox 1253 1309 1385 1353; x_wconf 89' lang='lat' dir='ltr'><strong>supra</strong></span> <span class='ocrx_word' id='word_1_149' title='bbox 1419 1310 1519 1354; x_wconf 84' lang='lat' dir='ltr'><strong>pag.</strong></span> <span class='ocrx_word' id='word_1_150' title='bbox 1544 1298 1664 1341; x_wconf 89' lang='lat' dir='ltr'>VIII.</span> <span class='ocrx_word' id='word_1_151' title='bbox 1723 1296 1960 1353; x_wconf 82' lang='lat' dir='ltr'><strong>Aliquanto</strong></span> <span class='ocrx_word' id='word_1_152' title='bbox 1991 1300 2250 1354; x_wconf 89' lang='lat' dir='ltr'><strong>uberiorem,</strong></span> 
     </span>
     <span class='ocr_line' id='line_1_16' title="bbox 331 1368 2252 1425; baseline 0.002 -13"><span class='ocrx_word' id='word_1_153' title='bbox 331 1370 490 1425; x_wconf 88' lang='lat' dir='ltr'><strong>quippe</strong></span> <span class='ocrx_word' id='word_1_154' title='bbox 527 1369 671 1411; x_wconf 91' lang='lat' dir='ltr'><strong>minus</strong></span> <span class='ocrx_word' id='word_1_155' title='bbox 711 1369 898 1424; x_wconf 90' lang='lat' dir='ltr'><strong>spatium</strong></span> <span class='ocrx_word' id='word_1_156' title='bbox 935 1369 1142 1424; x_wconf 81' lang='lat' dir='ltr'><strong>temporis</strong></span> <span class='ocrx_word' id='word_1_157' title='bbox 1175 1368 1489 1422; x_wconf 85' lang='lat' dir='ltr'><strong>continentem,</strong></span> <span class='ocrx_word' id='word_1_158' title='bbox 1529 1370 1746 1425; x_wconf 86' lang='lat' dir='ltr'><strong>epitomen</strong></span> <span class='ocrx_word' id='word_1_159' title='bbox 1784 1383 1928 1413; x_wconf 90' lang='lat' dir='ltr'><strong>rerum</strong></span> <span class='ocrx_word' id='word_1_160' title='bbox 1960 1370 2252 1415; x_wconf 90' lang='lat' dir='ltr'><strong>Romanarum</strong></span> 
     </span>
     <span class='ocr_line' id='line_1_17' title="bbox 329 1438 2253 1498; baseline 0.002 -15"><span class='ocrx_word' id='word_1_161' title='bbox 329 1453 467 1496; x_wconf 92' lang='lat' dir='ltr'><strong>usque</strong></span> <span class='ocrx_word' id='word_1_162' title='bbox 498 1440 552 1482; x_wconf 90' lang='lat' dir='ltr'><strong>ad</strong></span> <span class='ocrx_word' id='word_1_163' title='bbox 582 1438 770 1495; x_wconf 79' lang='lat' dir='ltr'><strong>Augusti</strong></span> <span class='ocrx_word' id='word_1_164' title='bbox 807 1442 989 1482; x_wconf 90' lang='lat' dir='ltr'><strong>mortem</strong></span> <span class='ocrx_word' id='word_1_165' title='bbox 1029 1440 1211 1496; x_wconf 88' lang='lat' dir='ltr'><strong>scripsit</strong></span> <span class='ocrx_word' id='word_1_166' title='bbox 1239 1441 1410 1493; x_wconf 81' lang='lat' dir='ltr'><strong>Florus,</strong></span> <span class='ocrx_word' id='word_1_167' title='bbox 1450 1441 1658 1484; x_wconf 90' lang='lat' dir='ltr'><strong>orationis</strong></span> <span class='ocrx_word' id='word_1_168' title='bbox 1689 1442 1907 1498; x_wconf 85' lang='lat' dir='ltr'><strong>elegantia</strong></span> <span class='ocrx_word' id='word_1_169' title='bbox 1944 1445 1989 1485; x_wconf 92' lang='lat' dir='ltr'><strong>et</strong></span> <span class='ocrx_word' id='word_1_170' title='bbox 2017 1443 2253 1487; x_wconf 89' lang='lat' dir='ltr'><strong>luminibus</strong></span> 
     </span>
     <span class='ocr_line' id='line_1_18' title="bbox 329 1511 2252 1571; baseline 0.002 -17"><span class='ocrx_word' id='word_1_171' title='bbox 329 1511 556 1564; x_wconf 92' lang='lat' dir='ltr'><strong>notabilis,</strong></span> <span class='ocrx_word' id='word_1_172' title='bbox 588 1511 667 1554; x_wconf 90' lang='lat' dir='ltr'><strong>sed</strong></span> <span class='ocrx_word' id='word_1_173' title='bbox 695 1511 850 1567; x_wconf 70' lang='lat' dir='ltr'><strong>poetae</strong></span> <span class='ocrx_word' id='word_1_174' title='bbox 883 1524 1009 1567; x_wconf 90' lang='lat' dir='ltr'><strong>quam</strong></span> <span class='ocrx_word' id='word_1_175' title='bbox 1041 1512 1250 1555; x_wconf 91' lang='lat' dir='ltr'><strong>historico</strong></span> <span class='ocrx_word' id='word_1_176' title='bbox 1283 1512 1487 1564; x_wconf 89' lang='lat' dir='ltr'><strong>similior,</strong></span> <span class='ocrx_word' id='word_1_177' title='bbox 1519 1515 1564 1555; x_wconf 92' lang='lat' dir='ltr'><strong>et</strong></span> <span class='ocrx_word' id='word_1_178' title='bbox 1593 1514 1668 1568; x_wconf 91' lang='lat' dir='ltr'><strong>qni</strong></span> <span class='ocrx_word' id='word_1_179' title='bbox 1698 1526 1828 1570; x_wconf 90' lang='lat' dir='ltr'><strong>saepe</strong></span> <span class='ocrx_word' id='word_1_180' title='bbox 1857 1526 2002 1556; x_wconf 87' lang='lat' dir='ltr'><strong>rerum</strong></span> <span class='ocrx_word' id='word_1_181' title='bbox 2033 1517 2252 1571; x_wconf 88' lang='lat' dir='ltr'><strong>gestarum</strong></span> 
     </span>
     <span class='ocr_line' id='line_1_19' title="bbox 332 1583 2253 1642; baseline 0.002 -15"><span class='ocrx_word' id='word_1_182' title='bbox 332 1584 655 1627; x_wconf 89' lang='lat' dir='ltr'><strong>buccinatorem</strong></span> <span class='ocrx_word' id='word_1_183' title='bbox 685 1583 825 1638; x_wconf 89' lang='lat' dir='ltr'><strong>magis</strong></span> <span class='ocrx_word' id='word_1_184' title='bbox 857 1595 985 1638; x_wconf 90' lang='lat' dir='ltr'><strong>quam</strong></span> <span class='ocrx_word' id='word_1_185' title='bbox 1017 1586 1305 1627; x_wconf 88' lang='lat' dir='ltr'><strong>enarratorem</strong></span> <span class='ocrx_word' id='word_1_186' title='bbox 1337 1586 1451 1640; x_wconf 86' lang='lat' dir='ltr'><strong>agat,</strong></span> <span class='ocrx_word' id='word_1_187' title='bbox 1485 1584 1642 1640; x_wconf 86' lang='lat' dir='ltr'><strong>dignus</strong></span> <span class='ocrx_word' id='word_1_188' title='bbox 1672 1587 1818 1628; x_wconf 91' lang='lat' dir='ltr'><strong>tamen</strong></span> <span class='ocrx_word' id='word_1_189' title='bbox 1849 1586 1924 1640; x_wconf 90' lang='lat' dir='ltr'><strong>qui</strong></span> <span class='ocrx_word' id='word_1_190' title='bbox 1951 1585 2135 1642; x_wconf 88' lang='lat' dir='ltr'><strong>legatur.</strong></span> <span class='ocrx_word' id='word_1_191' title='bbox 2194 1587 2253 1630; x_wconf 89' lang='lat' dir='ltr'><strong>Hi</strong></span> 
     </span>
     <span class='ocr_line' id='line_1_20' title="bbox 330 1654 2252 1713; baseline 0.001 -15"><span class='ocrx_word' id='word_1_192' title='bbox 330 1669 389 1698; x_wconf 91' lang='lat' dir='ltr'><strong>ex</strong></span> <span class='ocrx_word' id='word_1_193' title='bbox 418 1654 625 1698; x_wconf 89' lang='lat' dir='ltr'><strong>Romanis</strong></span> <span class='ocrx_word' id='word_1_194' title='bbox 659 1654 957 1709; x_wconf 89' lang='lat' dir='ltr'><strong>scriptoribus.</strong></span> <span class='ocrx_word' id='word_1_195' title='bbox 1022 1654 1187 1698; x_wconf 88' lang='lat' dir='ltr'><strong>Graece</strong></span> <span class='ocrx_word' id='word_1_196' title='bbox 1218 1657 1392 1698; x_wconf 84' lang='lat' dir='ltr'><strong>Ioannes</strong></span> <span class='ocrx_word' id='word_1_197' title='bbox 1422 1656 1627 1709; x_wconf 81' lang='lat' dir='ltr'><strong>Zonaras,</strong></span> <span class='ocrx_word' id='word_1_198' title='bbox 1660 1657 1826 1700; x_wconf 88' lang='lat' dir='ltr'><strong>saeculi</strong></span> <span class='ocrx_word' id='word_1_199' title='bbox 1858 1656 1926 1700; x_wconf 92' lang='grc'><strong>12.</strong></span> <span class='ocrx_word' id='word_1_200' title='bbox 1959 1658 2158 1713; x_wconf 90' lang='lat' dir='ltr'><strong>scriptor,</strong></span> <span class='ocrx_word' id='word_1_201' title='bbox 2188 1659 2252 1700; x_wconf 93' lang='lat' dir='ltr'><strong>hi-</strong></span> 
     </span>
    </p>
   </div>
   <div class='ocr_carea' id='block_1_3' title="bbox 331 1719 2331 1783">
    <p class='ocr_par' dir='ltr' id='par_1_3' title="bbox 331 1719 2331 1783">
     <span class='ocr_line' id='line_1_21' title="bbox 331 1719 2331 1783; baseline 0.002 -13"><span class='ocrx_word' id='word_1_202' title='bbox 331 1727 510 1770; x_wconf 84' lang='lat' dir='ltr'><strong>storiam</strong></span> <span class='ocrx_word' id='word_1_203' title='bbox 540 1727 780 1769; x_wconf 89' lang='lat' dir='ltr'><strong>Romanam</strong></span> <span class='ocrx_word' id='word_1_204' title='bbox 812 1727 865 1769; x_wconf 90' lang='lat' dir='ltr'><strong>ab</strong></span> <span class='ocrx_word' id='word_1_205' title='bbox 896 1727 1001 1769; x_wconf 91' lang='lat' dir='ltr'><strong>urbe</strong></span> <span class='ocrx_word' id='word_1_206' title='bbox 1032 1727 1208 1770; x_wconf 88' lang='lat' dir='ltr'><strong>condita</strong></span> <span class='ocrx_word' id='word_1_207' title='bbox 1237 1741 1375 1783; x_wconf 92' lang='lat' dir='ltr'><strong>usque</strong></span> <span class='ocrx_word' id='word_1_208' title='bbox 1407 1729 1462 1771; x_wconf 91' lang='lat' dir='ltr'><strong>ad</strong></span> <span class='ocrx_word' id='word_1_209' title='bbox 1490 1719 1692 1772; x_wconf 64' lang='lat' dir='ltr'><strong>Alefium</strong></span> <span class='ocrx_word' id='word_1_210' title='bbox 1724 1728 1992 1772; x_wconf 91' lang='lat' dir='ltr'><strong>Comnenum</strong></span> <span class='ocrx_word' id='word_1_211' title='bbox 2023 1729 2081 1781; x_wconf 88' lang='lat' dir='ltr'><strong>(a.</strong></span> <span class='ocrx_word' id='word_1_212' title='bbox 2116 1730 2251 1781; x_wconf 88' lang='lat'>1118)</span> <span class='ocrx_word' id='word_1_213' title='bbox 2328 1777 2331 1781; x_wconf 57' lang='grc'>,</span> 
     </span>
    </p>
   </div>
   <div class='ocr_carea' id='block_1_4' title="bbox 324 1799 2254 3649">
    <p class='ocr_par' dir='ltr' id='par_1_4' title="bbox 327 1799 2254 2283">
     <span class='ocr_line' id='line_1_22' title="bbox 330 1799 2250 1856; baseline 0.002 -14"><span class='ocrx_word' id='word_1_214' title='bbox 330 1800 590 1855; x_wconf 90' lang='lat' dir='ltr'><strong>composuit,</strong></span> <span class='ocrx_word' id='word_1_215' title='bbox 631 1812 758 1854; x_wconf 91' lang='lat' dir='ltr'><strong>quem</strong></span> <span class='ocrx_word' id='word_1_216' title='bbox 790 1800 962 1841; x_wconf 88' lang='lat' dir='ltr'><strong>constat</strong></span> <span class='ocrx_word' id='word_1_217' title='bbox 991 1799 1037 1840; x_wconf 90' lang='lat' dir='ltr'><strong>in</strong></span> <span class='ocrx_word' id='word_1_218' title='bbox 1065 1799 1209 1854; x_wconf 91' lang='lat' dir='ltr'><strong>priore</strong></span> <span class='ocrx_word' id='word_1_219' title='bbox 1241 1801 1383 1856; x_wconf 91' lang='lat' dir='ltr'><strong>operis</strong></span> <span class='ocrx_word' id='word_1_220' title='bbox 1415 1803 1539 1856; x_wconf 89' lang='lat' dir='ltr'><strong>parte</strong></span> <span class='ocrx_word' id='word_1_221' title='bbox 1569 1801 1801 1856; x_wconf 88' lang='lat' dir='ltr'><strong>praecipue</strong></span> <span class='ocrx_word' id='word_1_222' title='bbox 1832 1801 2017 1844; x_wconf 89' lang='lat' dir='ltr'><strong>Dionem</strong></span> <span class='ocrx_word' id='word_1_223' title='bbox 2050 1801 2250 1845; x_wconf 89' lang='lat' dir='ltr'><strong>Cassium</strong></span> 
     </span>
     <span class='ocr_line' id='line_1_23' title="bbox 329 1871 2249 1928; baseline 0.002 -15"><span class='ocrx_word' id='word_1_224' title='bbox 329 1873 527 1914; x_wconf 91' lang='lat' dir='ltr'><strong>secutum</strong></span> <span class='ocrx_word' id='word_1_225' title='bbox 558 1883 677 1923; x_wconf 91' lang='lat' dir='ltr'><strong>esse,</strong></span> <span class='ocrx_word' id='word_1_226' title='bbox 719 1871 790 1913; x_wconf 83' lang='lat' dir='ltr'><strong>vel</strong></span> <span class='ocrx_word' id='word_1_227' title='bbox 833 1871 1119 1925; x_wconf 89' lang='lat' dir='ltr'><strong>excripsisse,</strong></span> <span class='ocrx_word' id='word_1_228' title='bbox 1158 1871 1378 1927; x_wconf 88' lang='lat' dir='ltr'><strong>multaque</strong></span> <span class='ocrx_word' id='word_1_229' title='bbox 1417 1875 1656 1915; x_wconf 88' lang='lat' dir='ltr'><strong>memoratu</strong></span> <span class='ocrx_word' id='word_1_230' title='bbox 1685 1872 1819 1928; x_wconf 80' lang='lat' dir='ltr'><strong>dig-na</strong></span> <span class='ocrx_word' id='word_1_231' title='bbox 1855 1873 1997 1916; x_wconf 90' lang='lat' dir='ltr'><strong>solum</strong></span> <span class='ocrx_word' id='word_1_232' title='bbox 2037 1885 2249 1917; x_wconf 84' lang='lat' dir='ltr'><strong>servasse.</strong></span> 
     </span>
     <span class='ocr_line' id='line_1_24' title="bbox 330 1941 2254 1998; baseline 0.002 -14"><span class='ocrx_word' id='word_1_233' title='bbox 330 1942 600 1998; x_wconf 88' lang='lat' dir='ltr'><strong>Quapropter</strong></span> <span class='ocrx_word' id='word_1_234' title='bbox 638 1941 872 1984; x_wconf 89' lang='lat' dir='ltr'><strong>dolendum</strong></span> <span class='ocrx_word' id='word_1_235' title='bbox 910 1944 979 1985; x_wconf 90' lang='lat' dir='ltr'><strong>est</strong></span> <span class='ocrx_word' id='word_1_236' title='bbox 1015 1942 1214 1984; x_wconf 91' lang='lat' dir='ltr'><strong>lacunam</strong></span> <span class='ocrx_word' id='word_1_237' title='bbox 1253 1942 1311 1986; x_wconf 86' lang='lat'><strong>70</strong></span> <span class='ocrx_word' id='word_1_238' title='bbox 1349 1944 1523 1987; x_wconf 86' lang='lat' dir='ltr'><strong>circiter</strong></span> <span class='ocrx_word' id='word_1_239' title='bbox 1563 1956 1772 1986; x_wconf 91' lang='lat' dir='ltr'><strong>annorum</strong></span> <span class='ocrx_word' id='word_1_240' title='bbox 1810 1943 1836 1987; x_wconf 83' lang='lat' dir='ltr'><strong>a</strong></span> <span class='ocrx_word' id='word_1_241' title='bbox 1866 1944 2072 1988; x_wconf 85' lang='lat' dir='ltr'><strong>Corintho</strong></span> <span class='ocrx_word' id='word_1_242' title='bbox 2104 1946 2254 1989; x_wconf 86' lang='lat' dir='ltr'><strong>excisa</strong></span> 
     </span>
     <span class='ocr_line' id='line_1_25' title="bbox 328 2014 2252 2073; baseline 0.001 -16"><span class='ocrx_word' id='word_1_243' title='bbox 328 2027 466 2070; x_wconf 90' lang='lat' dir='ltr'><strong>usque</strong></span> <span class='ocrx_word' id='word_1_244' title='bbox 498 2015 553 2058; x_wconf 89' lang='lat' dir='ltr'><strong>ad</strong></span> <span class='ocrx_word' id='word_1_245' title='bbox 582 2014 837 2069; x_wconf 91' lang='lat' dir='ltr'><strong>Pompeium</strong></span> <span class='ocrx_word' id='word_1_246' title='bbox 868 2014 916 2056; x_wconf 92' lang='lat' dir='ltr'><strong>in</strong></span> <span class='ocrx_word' id='word_1_247' title='bbox 945 2014 1028 2057; x_wconf 92' lang='lat' dir='ltr'><strong>hoc</strong></span> <span class='ocrx_word' id='word_1_248' title='bbox 1061 2026 1191 2070; x_wconf 91' lang='lat' dir='ltr'><strong>opere</strong></span> <span class='ocrx_word' id='word_1_249' title='bbox 1223 2027 1335 2069; x_wconf 90' lang='lat' dir='ltr'><strong>esse,</strong></span> <span class='ocrx_word' id='word_1_250' title='bbox 1379 2028 1507 2071; x_wconf 90' lang='lat' dir='ltr'><strong>quam</strong></span> <span class='ocrx_word' id='word_1_251' title='bbox 1549 2016 1646 2071; x_wconf 93' lang='lat' dir='ltr'><strong>ipse</strong></span> <span class='ocrx_word' id='word_1_252' title='bbox 1675 2016 1867 2058; x_wconf 90' lang='lat' dir='ltr'><strong>Zonaras</strong></span> <span class='ocrx_word' id='word_1_253' title='bbox 1899 2028 1946 2059; x_wconf 94' lang='lat' dir='ltr'><strong>se</strong></span> <span class='ocrx_word' id='word_1_254' title='bbox 1975 2020 2152 2072; x_wconf 91' lang='lat' dir='ltr'><strong>propter</strong></span> <span class='ocrx_word' id='word_1_255' title='bbox 2178 2030 2252 2073; x_wconf 92' lang='lat' dir='ltr'><strong>pe-</strong></span> 
     </span>
     <span class='ocr_line' id='line_1_26' title="bbox 328 2085 2253 2143; baseline 0.001 -13"><span class='ocrx_word' id='word_1_256' title='bbox 328 2087 496 2130; x_wconf 88' lang='lat' dir='ltr'><strong>nuriam</strong></span> <span class='ocrx_word' id='word_1_257' title='bbox 527 2088 750 2129; x_wconf 88' lang='lat' dir='ltr'><strong>auctorum</strong></span> <span class='ocrx_word' id='word_1_258' title='bbox 797 2085 973 2141; x_wconf 90' lang='lat' dir='ltr'><strong>explere</strong></span> <span class='ocrx_word' id='word_1_259' title='bbox 1013 2098 1101 2128; x_wconf 90' lang='lat' dir='ltr'><strong>non</strong></span> <span class='ocrx_word' id='word_1_260' title='bbox 1130 2086 1327 2142; x_wconf 89' lang='lat' dir='ltr'><strong>potuisse</strong></span> <span class='ocrx_word' id='word_1_261' title='bbox 1372 2088 1578 2143; x_wconf 88' lang='lat' dir='ltr'><strong>queritur.</strong></span> <span class='ocrx_word' id='word_1_262' title='bbox 1648 2086 1851 2130; x_wconf 90' lang='lat' dir='ltr'><strong>Ceterum</strong></span> <span class='ocrx_word' id='word_1_263' title='bbox 1886 2091 1988 2143; x_wconf 90' lang='lat' dir='ltr'><strong>post</strong></span> <span class='ocrx_word' id='word_1_264' title='bbox 2017 2088 2253 2132; x_wconf 86' lang='lat' dir='ltr'><strong>Theodosii</strong></span> 
     </span>
     <span class='ocr_line' id='line_1_27' title="bbox 327 2156 2251 2214; baseline 0.002 -15"><span class='ocrx_word' id='word_1_265' title='bbox 327 2159 508 2200; x_wconf 88' lang='lat' dir='ltr'><strong>mortem</strong></span> <span class='ocrx_word' id='word_1_266' title='bbox 539 2170 638 2199; x_wconf 85' lang='lat' dir='ltr'><strong>cum</strong></span> <span class='ocrx_word' id='word_1_267' title='bbox 667 2158 894 2212; x_wconf 85' lang='lat' dir='ltr'><strong>imperium</strong></span> <span class='ocrx_word' id='word_1_268' title='bbox 914 2156 1155 2199; x_wconf 89' lang='lat' dir='ltr'><strong>Romanum</strong></span> <span class='ocrx_word' id='word_1_269' title='bbox 1186 2157 1374 2201; x_wconf 87' lang='lat' dir='ltr'><strong>divisum</strong></span> <span class='ocrx_word' id='word_1_270' title='bbox 1406 2161 1536 2211; x_wconf 89' lang='lat' dir='ltr'><strong>esset,</strong></span> <span class='ocrx_word' id='word_1_271' title='bbox 1568 2158 1704 2201; x_wconf 90' lang='lat' dir='ltr'><strong>solius</strong></span> <span class='ocrx_word' id='word_1_272' title='bbox 1735 2159 1907 2214; x_wconf 90' lang='lat' dir='ltr'><strong>imperii</strong></span> <span class='ocrx_word' id='word_1_273' title='bbox 1937 2160 2159 2203; x_wconf 89' lang='lat' dir='ltr'><strong>orientalis</strong></span> <span class='ocrx_word' id='word_1_274' title='bbox 2189 2161 2251 2203; x_wconf 91' lang='lat' dir='ltr'><strong>hi-</strong></span> 
     </span>
     <span class='ocr_line' id='line_1_28' title="bbox 328 2218 1683 2283; baseline -0.003 -11"><span class='ocrx_word' id='word_1_275' title='bbox 328 2229 506 2272; x_wconf 87' lang='lat' dir='ltr'><strong>storiam</strong></span> <span class='ocrx_word' id='word_1_276' title='bbox 535 2229 823 2283; x_wconf 87' lang='lat' dir='ltr'><strong>persequitur.</strong></span> <span class='ocrx_word' id='word_1_277' title='bbox 1678 2218 1683 2221; x_wconf 53' lang='grc'><strong>â€™</strong></span> 
     </span>
    </p>

    <p class='ocr_par' dir='ltr' id='par_1_5' title="bbox 324 2299 2252 3649">
     <span class='ocr_line' id='line_1_29' title="bbox 444 2299 2252 2355; baseline 0.002 -13"><span class='ocrx_word' id='word_1_278' title='bbox 444 2300 525 2343; x_wconf 87' lang='lat' dir='ltr'><strong>His</strong></span> <span class='ocrx_word' id='word_1_279' title='bbox 556 2299 690 2355; x_wconf 86' lang='lat' dir='ltr'><strong>igitur</strong></span> <span class='ocrx_word' id='word_1_280' title='bbox 722 2300 970 2342; x_wconf 86' lang='lat' dir='ltr'><strong>auctoribus</strong></span> <span class='ocrx_word' id='word_1_281' title='bbox 1003 2300 1164 2342; x_wconf 91' lang='lat' dir='ltr'><strong>utimur</strong></span> <span class='ocrx_word' id='word_1_282' title='bbox 1194 2299 1248 2342; x_wconf 89' lang='lat' dir='ltr'><strong>ad</strong></span> <span class='ocrx_word' id='word_1_283' title='bbox 1278 2299 1504 2342; x_wconf 86' lang='lat' dir='ltr'><strong>historiam</strong></span> <span class='ocrx_word' id='word_1_284' title='bbox 1526 2300 1765 2342; x_wconf 88' lang='lat' dir='ltr'><strong>Romanam</strong></span> <span class='ocrx_word' id='word_1_285' title='bbox 1797 2302 1871 2342; x_wconf 90' lang='lat' dir='ltr'><strong>aut</strong></span> <span class='ocrx_word' id='word_1_286' title='bbox 1900 2302 2146 2345; x_wconf 85' lang='lat' dir='ltr'><strong>universam</strong></span> <span class='ocrx_word' id='word_1_287' title='bbox 2176 2307 2252 2347; x_wconf 92' lang='lat' dir='ltr'><strong>aut</strong></span> 
     </span>
     <span class='ocr_line' id='line_1_30' title="bbox 330 2371 2251 2427; baseline 0.002 -12"><span class='ocrx_word' id='word_1_288' title='bbox 330 2373 538 2415; x_wconf 88' lang='lat' dir='ltr'><strong>maiorem</strong></span> <span class='ocrx_word' id='word_1_289' title='bbox 577 2373 694 2414; x_wconf 90' lang='lat' dir='ltr'><strong>certe</strong></span> <span class='ocrx_word' id='word_1_290' title='bbox 737 2372 829 2414; x_wconf 90' lang='lat' dir='ltr'><strong>eius</strong></span> <span class='ocrx_word' id='word_1_291' title='bbox 868 2373 1036 2427; x_wconf 88' lang='lat' dir='ltr'><strong>partem</strong></span> <span class='ocrx_word' id='word_1_292' title='bbox 1076 2371 1202 2426; x_wconf 91' lang='lat' dir='ltr'><strong>quasi</strong></span> <span class='ocrx_word' id='word_1_293' title='bbox 1238 2371 1559 2426; x_wconf 89' lang='lat' dir='ltr'><strong>compendiaria</strong></span> <span class='ocrx_word' id='word_1_294' title='bbox 1597 2371 1860 2414; x_wconf 86' lang='lat' dir='ltr'><strong>discendam.</strong></span> <span class='ocrx_word' id='word_1_295' title='bbox 1927 2373 2134 2416; x_wconf 89' lang='lat' dir='ltr'><strong>Eiusdem</strong></span> <span class='ocrx_word' id='word_1_296' title='bbox 2163 2389 2251 2418; x_wconf 90' lang='lat' dir='ltr'><strong>am-</strong></span> 
     </span>
     <span class='ocr_line' id='line_1_31' title="bbox 324 2443 2249 2501; baseline 0.001 -14"><span class='ocrx_word' id='word_1_297' title='bbox 324 2445 569 2501; x_wconf 90' lang='lat' dir='ltr'><strong>plissimum</strong></span> <span class='ocrx_word' id='word_1_298' title='bbox 601 2445 645 2485; x_wconf 91' lang='lat' dir='ltr'><strong>et</strong></span> <span class='ocrx_word' id='word_1_299' title='bbox 673 2456 774 2486; x_wconf 82' lang='lat' dir='ltr'><strong>vere</strong></span> <span class='ocrx_word' id='word_1_300' title='bbox 794 2444 950 2498; x_wconf 88' lang='lat' dir='ltr'><strong>ingens</strong></span> <span class='ocrx_word' id='word_1_301' title='bbox 973 2455 1130 2498; x_wconf 88' lang='lat' dir='ltr'><strong>corpus</strong></span> <span class='ocrx_word' id='word_1_302' title='bbox 1161 2443 1407 2498; x_wconf 88' lang='lat' dir='ltr'><strong>composuit</strong></span> <span class='ocrx_word' id='word_1_303' title='bbox 1432 2444 1479 2485; x_wconf 90' lang='lat' dir='ltr'><strong>T.</strong></span> <span class='ocrx_word' id='word_1_304' title='bbox 1498 2444 1658 2497; x_wconf 84' lang='lat' dir='ltr'><strong>Livius,</strong></span> <span class='ocrx_word' id='word_1_305' title='bbox 1691 2457 1761 2486; x_wconf 90' lang='lat' dir='ltr'><strong>res</strong></span> <span class='ocrx_word' id='word_1_306' title='bbox 1782 2444 1936 2499; x_wconf 91' lang='lat' dir='ltr'><strong>populi</strong></span> <span class='ocrx_word' id='word_1_307' title='bbox 1955 2444 2141 2487; x_wconf 88' lang='lat' dir='ltr'><strong>Romani</strong></span> <span class='ocrx_word' id='word_1_308' title='bbox 2166 2446 2249 2489; x_wconf 86' lang='grc'><strong>142</strong></span> 
     </span>
     <span class='ocr_line' id='line_1_32' title="bbox 324 2513 2249 2572; baseline 0.001 -14"><span class='ocrx_word' id='word_1_309' title='bbox 324 2516 413 2559; x_wconf 90' lang='lat' dir='ltr'><strong>fere</strong></span> <span class='ocrx_word' id='word_1_310' title='bbox 444 2516 567 2559; x_wconf 89' lang='lat' dir='ltr'><strong>libris</strong></span> <span class='ocrx_word' id='word_1_311' title='bbox 607 2529 632 2557; x_wconf 89' lang='lat' dir='ltr'><strong>a</strong></span> <span class='ocrx_word' id='word_1_312' title='bbox 660 2515 894 2571; x_wconf 89' lang='lat' dir='ltr'><strong>primordio</strong></span> <span class='ocrx_word' id='word_1_313' title='bbox 925 2527 1063 2570; x_wconf 91' lang='lat' dir='ltr'><strong>usque</strong></span> <span class='ocrx_word' id='word_1_314' title='bbox 1102 2513 1157 2556; x_wconf 90' lang='lat' dir='ltr'><strong>ad</strong></span> <span class='ocrx_word' id='word_1_315' title='bbox 1186 2513 1318 2557; x_wconf 91' lang='lat' dir='ltr'><strong>Drusi</strong></span> <span class='ocrx_word' id='word_1_316' title='bbox 1346 2514 1532 2558; x_wconf 89' lang='lat' dir='ltr'><strong>Neronis</strong></span> <span class='ocrx_word' id='word_1_317' title='bbox 1570 2516 1616 2558; x_wconf 88' lang='lat' dir='ltr'><strong>in</strong></span> <span class='ocrx_word' id='word_1_318' title='bbox 1650 2515 1881 2558; x_wconf 85' lang='lat' dir='ltr'><strong>Germania</strong></span> <span class='ocrx_word' id='word_1_319' title='bbox 1915 2515 2138 2558; x_wconf 90' lang='lat' dir='ltr'><strong>interitum</strong></span> <span class='ocrx_word' id='word_1_320' title='bbox 2169 2530 2249 2572; x_wconf 90' lang='lat' dir='ltr'><strong>per</strong></span> 
     </span>
     <span class='ocr_line' id='line_1_33' title="bbox 330 2586 2248 2643; baseline -0.001 -11"><span class='ocrx_word' id='word_1_321' title='bbox 330 2601 465 2631; x_wconf 91' lang='lat' dir='ltr'><strong>annos</strong></span> <span class='ocrx_word' id='word_1_322' title='bbox 498 2586 584 2631; x_wconf 84' lang='lat'><strong>745</strong></span> <span class='ocrx_word' id='word_1_323' title='bbox 615 2590 705 2630; x_wconf 89' lang='lat' dir='ltr'><strong>tam</strong></span> <span class='ocrx_word' id='word_1_324' title='bbox 735 2586 965 2641; x_wconf 86' lang='lat' dir='ltr'><strong>diligenter</strong></span> <span class='ocrx_word' id='word_1_325' title='bbox 993 2589 1167 2642; x_wconf 89' lang='lat' dir='ltr'><strong>tamque</strong></span> <span class='ocrx_word' id='word_1_326' title='bbox 1199 2586 1359 2629; x_wconf 90' lang='lat' dir='ltr'><strong>diserte</strong></span> <span class='ocrx_word' id='word_1_327' title='bbox 1381 2589 1652 2642; x_wconf 89' lang='lat' dir='ltr'><strong>persecutus,</strong></span> <span class='ocrx_word' id='word_1_328' title='bbox 1682 2588 1730 2628; x_wconf 92' lang='lat' dir='ltr'><strong>ut</strong></span> <span class='ocrx_word' id='word_1_329' title='bbox 1751 2587 1791 2629; x_wconf 90' lang='lat' dir='ltr'><strong>si</strong></span> <span class='ocrx_word' id='word_1_330' title='bbox 1809 2587 1979 2642; x_wconf 86' lang='lat' dir='ltr'><strong>integro</strong></span> <span class='ocrx_word' id='word_1_331' title='bbox 2002 2587 2095 2629; x_wconf 90' lang='lat' dir='ltr'><strong>eius</strong></span> <span class='ocrx_word' id='word_1_332' title='bbox 2119 2600 2248 2643; x_wconf 90' lang='lat' dir='ltr'><strong>opere</strong></span> 
     </span>
     <span class='ocr_line' id='line_1_34' title="bbox 325 2658 2243 2713; baseline -0.001 -10"><span class='ocrx_word' id='word_1_333' title='bbox 325 2661 391 2703; x_wconf 88' lang='lat' dir='ltr'><strong>uti</strong></span> <span class='ocrx_word' id='word_1_334' title='bbox 427 2660 553 2703; x_wconf 88' lang='lat' dir='ltr'><strong>nobis</strong></span> <span class='ocrx_word' id='word_1_335' title='bbox 590 2659 763 2710; x_wconf 89' lang='lat' dir='ltr'><strong>liceret,</strong></span> <span class='ocrx_word' id='word_1_336' title='bbox 799 2658 845 2700; x_wconf 92' lang='lat' dir='ltr'><strong>in</strong></span> <span class='ocrx_word' id='word_1_337' title='bbox 883 2658 1180 2700; x_wconf 87' lang='lat' dir='ltr'><strong>examinandis</strong></span> <span class='ocrx_word' id='word_1_338' title='bbox 1219 2658 1394 2713; x_wconf 91' lang='lat' dir='ltr'><strong>quidem</strong></span> <span class='ocrx_word' id='word_1_339' title='bbox 1429 2659 1559 2701; x_wconf 89' lang='lat' dir='ltr'><strong>rebus</strong></span> <span class='ocrx_word' id='word_1_340' title='bbox 1599 2659 1707 2701; x_wconf 88' lang='lat' dir='ltr'><strong>alios</strong></span> <span class='ocrx_word' id='word_1_341' title='bbox 1746 2660 1883 2700; x_wconf 91' lang='lat' dir='ltr'><strong>testes</strong></span> <span class='ocrx_word' id='word_1_342' title='bbox 1924 2659 2243 2713; x_wconf 89' lang='lat' dir='ltr'><strong>conquirendos</strong></span> 
     </span>
     <span class='ocr_line' id='line_1_35' title="bbox 326 2728 2248 2785; baseline -0.002 -10"><span class='ocrx_word' id='word_1_343' title='bbox 326 2732 451 2775; x_wconf 91' lang='lat' dir='ltr'><strong>nobis</strong></span> <span class='ocrx_word' id='word_1_344' title='bbox 483 2744 581 2774; x_wconf 87' lang='lat' dir='ltr'><strong>esse</strong></span> <span class='ocrx_word' id='word_1_345' title='bbox 613 2730 931 2782; x_wconf 86' lang='lat' dir='ltr'><strong>arbitraremur,</strong></span> <span class='ocrx_word' id='word_1_346' title='bbox 972 2730 1050 2772; x_wconf 90' lang='lat' dir='ltr'><strong>sed</strong></span> <span class='ocrx_word' id='word_1_347' title='bbox 1087 2730 1141 2772; x_wconf 90' lang='lat' dir='ltr'><strong>ad</strong></span> <span class='ocrx_word' id='word_1_348' title='bbox 1173 2730 1342 2785; x_wconf 90' lang='lat' dir='ltr'><strong>copiam</strong></span> <span class='ocrx_word' id='word_1_349' title='bbox 1371 2743 1514 2773; x_wconf 90' lang='lat' dir='ltr'><strong>rerum</strong></span> <span class='ocrx_word' id='word_1_350' title='bbox 1543 2729 1658 2772; x_wconf 88' lang='lat' dir='ltr'><strong>haud</strong></span> <span class='ocrx_word' id='word_1_351' title='bbox 1689 2741 1795 2771; x_wconf 88' lang='lat' dir='ltr'><strong>sane</strong></span> <span class='ocrx_word' id='word_1_352' title='bbox 1825 2728 1910 2771; x_wconf 89' lang='lat' dir='ltr'><strong>alio</strong></span> <span class='ocrx_word' id='word_1_353' title='bbox 1938 2729 2110 2772; x_wconf 88' lang='lat' dir='ltr'><strong>illorum</strong></span> <span class='ocrx_word' id='word_1_354' title='bbox 2141 2733 2248 2772; x_wconf 89' lang='lat' dir='ltr'><strong>tem-</strong></span> 
     </span>
     <span class='ocr_line' id='line_1_36' title="bbox 325 2793 2245 2858; baseline -0.001 -12"><span class='ocrx_word' id='word_1_355' title='bbox 325 2816 479 2858; x_wconf 90' lang='lat' dir='ltr'><strong>porum</strong></span> <span class='ocrx_word' id='word_1_356' title='bbox 518 2803 729 2857; x_wconf 89' lang='lat' dir='ltr'><strong>scriptore</strong></span> <span class='ocrx_word' id='word_1_357' title='bbox 770 2814 1012 2857; x_wconf 89' lang='lat' dir='ltr'><strong>egeremus.</strong></span> <span class='ocrx_word' id='word_1_358' title='bbox 1073 2802 1454 2852; x_wconf 84' lang='lat' dir='ltr'><strong>Verumenimvero</strong></span> <span class='ocrx_word' id='word_1_359' title='bbox 1492 2802 1621 2844; x_wconf 91' lang='lat' dir='ltr'><strong>huius</strong></span> <span class='ocrx_word' id='word_1_360' title='bbox 1659 2793 1885 2856; x_wconf 84' lang='lat' dir='ltr'><strong>scriptoris</strong></span> <span class='ocrx_word' id='word_1_361' title='bbox 1924 2803 2076 2855; x_wconf 88' lang='lat' dir='ltr'><strong>quarta</strong></span> <span class='ocrx_word' id='word_1_362' title='bbox 2111 2801 2245 2844; x_wconf 89' lang='lat' dir='ltr'><strong>ferme</strong></span> 
     </span>
     <span class='ocr_line' id='line_1_37' title="bbox 325 2872 2246 2930; baseline 0 -14"><span class='ocrx_word' id='word_1_363' title='bbox 325 2887 425 2930; x_wconf 89' lang='lat' dir='ltr'><strong>pars</strong></span> <span class='ocrx_word' id='word_1_364' title='bbox 459 2875 672 2929; x_wconf 88' lang='lat' dir='ltr'><strong>superest,</strong></span> <span class='ocrx_word' id='word_1_365' title='bbox 701 2873 802 2915; x_wconf 92' lang='lat' dir='ltr'><strong>libri</strong></span> <span class='ocrx_word' id='word_1_366' title='bbox 835 2873 890 2916; x_wconf 90' lang='lat'><strong>10</strong></span> <span class='ocrx_word' id='word_1_367' title='bbox 909 2873 1051 2928; x_wconf 90' lang='lat' dir='ltr'><strong>primi,</strong></span> <span class='ocrx_word' id='word_1_368' title='bbox 1083 2886 1292 2916; x_wconf 90' lang='lat' dir='ltr'><strong>annorum</strong></span> <span class='ocrx_word' id='word_1_369' title='bbox 1322 2874 1406 2917; x_wconf 82' lang='lat'><strong>461</strong></span> <span class='ocrx_word' id='word_1_370' title='bbox 1439 2874 1665 2916; x_wconf 90' lang='lat' dir='ltr'><strong>historiam</strong></span> <span class='ocrx_word' id='word_1_371' title='bbox 1695 2872 1981 2924; x_wconf 85' lang='lat' dir='ltr'><strong>continentes,</strong></span> <span class='ocrx_word' id='word_1_372' title='bbox 2015 2875 2059 2915; x_wconf 92' lang='lat' dir='ltr'><strong>et</strong></span> <span class='ocrx_word' id='word_1_373' title='bbox 2082 2872 2137 2916; x_wconf 84' lang='lat'><strong>15</strong></span> <span class='ocrx_word' id='word_1_374' title='bbox 2159 2874 2246 2926; x_wconf 88' lang='lat' dir='ltr'><strong>alii,</strong></span> 
     </span>
     <span class='ocr_line' id='line_1_38' title="bbox 326 2942 2245 3000; baseline -0.002 -11"><span class='ocrx_word' id='word_1_375' title='bbox 326 2946 379 2989; x_wconf 88' lang='lat' dir='ltr'><strong>ab</strong></span> <span class='ocrx_word' id='word_1_376' title='bbox 412 2945 464 2988; x_wconf 92' lang='grc'><strong>21</strong></span> <span class='ocrx_word' id='word_1_377' title='bbox 501 2957 638 3000; x_wconf 90' lang='lat' dir='ltr'><strong>usque</strong></span> <span class='ocrx_word' id='word_1_378' title='bbox 670 2944 725 2986; x_wconf 91' lang='lat' dir='ltr'><strong>ad</strong></span> <span class='ocrx_word' id='word_1_379' title='bbox 754 2942 836 2997; x_wconf 86' lang='lat'><strong>45,</strong></span> <span class='ocrx_word' id='word_1_380' title='bbox 876 2945 1032 2999; x_wconf 92' lang='lat' dir='ltr'><strong>quibus</strong></span> <span class='ocrx_word' id='word_1_381' title='bbox 1063 2957 1134 2987; x_wconf 88' lang='lat' dir='ltr'><strong>res</strong></span> <span class='ocrx_word' id='word_1_382' title='bbox 1165 2958 1244 3000; x_wconf 90' lang='lat' dir='ltr'><strong>per</strong></span> <span class='ocrx_word' id='word_1_383' title='bbox 1274 2958 1409 2988; x_wconf 89' lang='lat' dir='ltr'><strong>annos</strong></span> <span class='ocrx_word' id='word_1_384' title='bbox 1442 2944 1498 2988; x_wconf 86' lang='lat'><strong>52</strong></span> <span class='ocrx_word' id='word_1_385' title='bbox 1531 2944 1609 2995; x_wconf 87' lang='lat' dir='ltr'><strong>(ab</strong></span> <span class='ocrx_word' id='word_1_386' title='bbox 1641 2957 1679 2985; x_wconf 86' lang='lat' dir='ltr'><strong>a.</strong></span> <span class='ocrx_word' id='word_1_387' title='bbox 1712 2942 1798 2984; x_wconf 89' lang='grc'><strong>218</strong></span> <span class='ocrx_word' id='word_1_388' title='bbox 1830 2955 1969 2997; x_wconf 90' lang='lat' dir='ltr'><strong>usque</strong></span> <span class='ocrx_word' id='word_1_389' title='bbox 2001 2943 2056 2985; x_wconf 88' lang='lat' dir='ltr'><strong>ad</strong></span> <span class='ocrx_word' id='word_1_390' title='bbox 2087 2957 2124 2985; x_wconf 92' lang='lat' dir='ltr'><strong>a.</strong></span> <span class='ocrx_word' id='word_1_391' title='bbox 2163 2944 2245 2986; x_wconf 88' lang='lat'><strong>167</strong></span> 
     </span>
     <span class='ocr_line' id='line_1_39' title="bbox 326 3015 2246 3072; baseline -0.003 -12"><span class='ocrx_word' id='word_1_392' title='bbox 326 3032 363 3061; x_wconf 92' lang='lat' dir='ltr'><strong>a.</strong></span> <span class='ocrx_word' id='word_1_393' title='bbox 388 3017 512 3068; x_wconf 90' lang='lat' dir='ltr'><strong>Chr.)</strong></span> <span class='ocrx_word' id='word_1_394' title='bbox 554 3019 700 3072; x_wconf 89' lang='lat' dir='ltr'><strong>gestas</strong></span> <span class='ocrx_word' id='word_1_395' title='bbox 741 3017 930 3072; x_wconf 89' lang='lat' dir='ltr'><strong>scripsit.</strong></span> <span class='ocrx_word' id='word_1_396' title='bbox 1004 3015 1255 3059; x_wconf 86' lang='lat' dir='ltr'><strong>Ceterarum</strong></span> <span class='ocrx_word' id='word_1_397' title='bbox 1294 3018 1445 3059; x_wconf 86' lang='lat' dir='ltr'><strong>extant</strong></span> <span class='ocrx_word' id='word_1_398' title='bbox 1481 3015 1739 3058; x_wconf 79' lang='lat' dir='ltr'><strong>brevissima</strong></span> <span class='ocrx_word' id='word_1_399' title='bbox 1776 3016 2018 3067; x_wconf 81' lang='lat' dir='ltr'><strong>summaria,</strong></span> <span class='ocrx_word' id='word_1_400' title='bbox 2066 3026 2246 3068; x_wconf 91' lang='lat' dir='ltr'><strong>quorum</strong></span> 
     </span>
     <span class='ocr_line' id='line_1_40' title="bbox 326 3085 2246 3140; baseline -0.002 -8"><span class='ocrx_word' id='word_1_401' title='bbox 326 3090 627 3139; x_wconf 73' lang='lat' dir='ltr'><strong>auctoritatem</strong></span> <span class='ocrx_word' id='word_1_402' title='bbox 669 3090 843 3131; x_wconf 88' lang='lat' dir='ltr'><strong>secutus</strong></span> <span class='ocrx_word' id='word_1_403' title='bbox 876 3088 1051 3130; x_wconf 80' lang='lat' dir='ltr'><strong>Ioannes</strong></span> <span class='ocrx_word' id='word_1_404' title='bbox 1081 3089 1379 3130; x_wconf 78' lang='lat' dir='ltr'><strong>Freinshemius</strong></span> <span class='ocrx_word' id='word_1_405' title='bbox 1409 3100 1465 3129; x_wconf 89' lang='lat' dir='ltr'><strong>ex</strong></span> <span class='ocrx_word' id='word_1_406' title='bbox 1493 3086 1624 3130; x_wconf 81' lang='lat' dir='ltr'><strong>variis</strong></span> <span class='ocrx_word' id='word_1_407' title='bbox 1658 3085 1942 3140; x_wconf 84' lang='lat' dir='ltr'><strong>scriptoribus</strong></span> <span class='ocrx_word' id='word_1_408' title='bbox 1974 3085 2246 3140; x_wconf 89' lang='lat' dir='ltr'><strong>supplemen-</strong></span> 
     </span>
     <span class='ocr_line' id='line_1_41' title="bbox 324 3157 2245 3215; baseline -0.003 -10"><span class='ocrx_word' id='word_1_409' title='bbox 324 3165 467 3205; x_wconf 90' lang='lat' dir='ltr'><strong>torum</strong></span> <span class='ocrx_word' id='word_1_410' title='bbox 496 3161 630 3203; x_wconf 90' lang='lat' dir='ltr'><strong>libros</strong></span> <span class='ocrx_word' id='word_1_411' title='bbox 663 3159 871 3212; x_wconf 88' lang='lat' dir='ltr'><strong>confecit,</strong></span> <span class='ocrx_word' id='word_1_412' title='bbox 913 3159 1176 3202; x_wconf 88' lang='lat' dir='ltr'><strong>laboriosum</strong></span> <span class='ocrx_word' id='word_1_413' title='bbox 1217 3172 1324 3215; x_wconf 90' lang='lat' dir='ltr'><strong>opus</strong></span> <span class='ocrx_word' id='word_1_414' title='bbox 1367 3161 1412 3201; x_wconf 92' lang='lat' dir='ltr'><strong>et</strong></span> <span class='ocrx_word' id='word_1_415' title='bbox 1441 3172 1466 3201; x_wconf 90' lang='lat' dir='ltr'><strong>a</strong></span> <span class='ocrx_word' id='word_1_416' title='bbox 1495 3159 1722 3201; x_wconf 77' lang='lat' dir='ltr'><strong>venustate</strong></span> <span class='ocrx_word' id='word_1_417' title='bbox 1751 3157 1868 3199; x_wconf 82' lang='lat' dir='ltr'><strong>Livii</strong></span> <span class='ocrx_word' id='word_1_418' title='bbox 1896 3159 2128 3209; x_wconf 91' lang='lat' dir='ltr'><strong>remotum,</strong></span> <span class='ocrx_word' id='word_1_419' title='bbox 2168 3158 2245 3200; x_wconf 90' lang='lat' dir='ltr'><strong>sed</strong></span> 
     </span>
     <span class='ocr_line' id='line_1_42' title="bbox 325 3228 2243 3288; baseline -0.003 -13"><span class='ocrx_word' id='word_1_420' title='bbox 325 3233 443 3288; x_wconf 92' lang='lat' dir='ltr'><strong>quod</strong></span> <span class='ocrx_word' id='word_1_421' title='bbox 479 3234 655 3288; x_wconf 90' lang='lat' dir='ltr'><strong>propter</strong></span> <span class='ocrx_word' id='word_1_422' title='bbox 694 3231 979 3274; x_wconf 89' lang='lat' dir='ltr'><strong>eruditionem</strong></span> <span class='ocrx_word' id='word_1_423' title='bbox 1018 3232 1207 3274; x_wconf 87' lang='lat' dir='ltr'><strong>auctoris</strong></span> <span class='ocrx_word' id='word_1_424' title='bbox 1247 3234 1291 3274; x_wconf 92' lang='lat' dir='ltr'><strong>et</strong></span> <span class='ocrx_word' id='word_1_425' title='bbox 1326 3243 1469 3273; x_wconf 90' lang='lat' dir='ltr'><strong>rerum</strong></span> <span class='ocrx_word' id='word_1_426' title='bbox 1501 3230 1669 3285; x_wconf 87' lang='lat' dir='ltr'><strong>copiam</strong></span> <span class='ocrx_word' id='word_1_427' title='bbox 1698 3229 1918 3284; x_wconf 90' lang='lat' dir='ltr'><strong>plerisque</strong></span> <span class='ocrx_word' id='word_1_428' title='bbox 1957 3229 2157 3271; x_wconf 90' lang='lat' dir='ltr'><strong>omnibus</strong></span> <span class='ocrx_word' id='word_1_429' title='bbox 2189 3228 2243 3271; x_wconf 89' lang='lat' dir='ltr'><strong>de</strong></span> 
     </span>
     <span class='ocr_line' id='line_1_43' title="bbox 325 3299 2243 3358; baseline -0.003 -11"><span class='ocrx_word' id='word_1_430' title='bbox 325 3305 506 3347; x_wconf 89' lang='lat' dir='ltr'><strong>historia</strong></span> <span class='ocrx_word' id='word_1_431' title='bbox 534 3305 730 3346; x_wconf 87' lang='lat' dir='ltr'><strong>Romana</strong></span> <span class='ocrx_word' id='word_1_432' title='bbox 757 3303 1046 3345; x_wconf 88' lang='lat' dir='ltr'><strong>recentiorum</strong></span> <span class='ocrx_word' id='word_1_433' title='bbox 1079 3303 1397 3346; x_wconf 89' lang='lat' dir='ltr'><strong>commentariis</strong></span> <span class='ocrx_word' id='word_1_434' title='bbox 1427 3301 1754 3358; x_wconf 77' lang='lat' dir='ltr'><strong>praeferendum</strong></span> <span class='ocrx_word' id='word_1_435' title='bbox 1782 3303 1924 3356; x_wconf 91' lang='lat' dir='ltr'><strong>putes.</strong></span> <span class='ocrx_word' id='word_1_436' title='bbox 1979 3299 2243 3342; x_wconf 84' lang='lat' dir='ltr'><strong>Graecorum</strong></span> 
     </span>
     <span class='ocr_line' id='line_1_44' title="bbox 328 3363 2245 3431; baseline -0.003 -13"><span class='ocrx_word' id='word_1_437' title='bbox 328 3377 585 3431; x_wconf 89' lang='lat' dir='ltr'><strong>scriptorum</strong></span> <span class='ocrx_word' id='word_1_438' title='bbox 606 3363 701 3426; x_wconf 58' lang='lat' dir='ltr'><strong>â´Dio</strong></span> <span class='ocrx_word' id='word_1_439' title='bbox 737 3375 903 3417; x_wconf 84' lang='lat' dir='ltr'><strong>Cassius</strong></span> <span class='ocrx_word' id='word_1_440' title='bbox 940 3376 983 3416; x_wconf 88' lang='lat' dir='ltr'><strong>et</strong></span> <span class='ocrx_word' id='word_1_441' title='bbox 1020 3375 1115 3430; x_wconf 88' lang='lat' dir='ltr'><strong>ipse</strong></span> <span class='ocrx_word' id='word_1_442' title='bbox 1145 3375 1320 3430; x_wconf 90' lang='lat' dir='ltr'><strong>plenum</strong></span> <span class='ocrx_word' id='word_1_443' title='bbox 1360 3374 1412 3417; x_wconf 91' lang='lat' dir='ltr'><strong>de</strong></span> <span class='ocrx_word' id='word_1_444' title='bbox 1442 3374 1625 3416; x_wconf 89' lang='lat' dir='ltr'><strong>historia</strong></span> <span class='ocrx_word' id='word_1_445' title='bbox 1653 3373 1848 3415; x_wconf 89' lang='lat' dir='ltr'><strong>Romana</strong></span> <span class='ocrx_word' id='word_1_446' title='bbox 1878 3384 1986 3427; x_wconf 92' lang='lat' dir='ltr'><strong>opus</strong></span> <span class='ocrx_word' id='word_1_447' title='bbox 2021 3383 2159 3425; x_wconf 90' lang='lat' dir='ltr'><strong>usque</strong></span> <span class='ocrx_word' id='word_1_448' title='bbox 2189 3371 2245 3413; x_wconf 90' lang='lat' dir='ltr'><strong>ad</strong></span> 
     </span>
     <span class='ocr_line' id='line_1_45' title="bbox 327 3443 2237 3501; baseline -0.003 -12"><span class='ocrx_word' id='word_1_449' title='bbox 327 3447 509 3490; x_wconf 89' lang='lat' dir='ltr'><strong>alterum</strong></span> <span class='ocrx_word' id='word_1_450' title='bbox 539 3448 811 3490; x_wconf 89' lang='lat' dir='ltr'><strong>consulatum</strong></span> <span class='ocrx_word' id='word_1_451' title='bbox 842 3458 968 3488; x_wconf 90' lang='lat' dir='ltr'><strong>suum</strong></span> <span class='ocrx_word' id='word_1_452' title='bbox 999 3459 1036 3487; x_wconf 88' lang='lat' dir='ltr'><strong>a.</strong></span> <span class='ocrx_word' id='word_1_453' title='bbox 1069 3445 1154 3488; x_wconf 88' lang='grc'><strong>229</strong></span> <span class='ocrx_word' id='word_1_454' title='bbox 1185 3449 1287 3501; x_wconf 90' lang='lat' dir='ltr'><strong>post</strong></span> <span class='ocrx_word' id='word_1_455' title='bbox 1308 3446 1421 3499; x_wconf 68' lang='lat' dir='ltr'><strong>Chrâ€ž</strong></span> <span class='ocrx_word' id='word_1_456' title='bbox 1452 3460 1495 3488; x_wconf 94' lang='lat' dir='ltr'><strong>u.</strong></span> <span class='ocrx_word' id='word_1_457' title='bbox 1529 3458 1566 3487; x_wconf 88' lang='lat' dir='ltr'><strong>c.</strong></span> <span class='ocrx_word' id='word_1_458' title='bbox 1600 3444 1699 3497; x_wconf 89' lang='grc'>982,</span> <span class='ocrx_word' id='word_1_459' title='bbox 1730 3444 1853 3487; x_wconf 91' lang='lat' dir='ltr'><strong>libris</strong></span> <span class='ocrx_word' id='word_1_460' title='bbox 1885 3443 2107 3498; x_wconf 82' lang='lat' dir='ltr'><strong>octoginta</strong></span> <span class='ocrx_word' id='word_1_461' title='bbox 2137 3454 2237 3484; x_wconf 90' lang='lat' dir='ltr'><strong>con-</strong></span> 
     </span>
     <span class='ocr_line' id='line_1_46' title="bbox 327 3509 2238 3575; baseline -0.004 -13"><span class='ocrx_word' id='word_1_462' title='bbox 327 3519 516 3575; x_wconf 88' lang='lat' dir='ltr'><strong>scripsit,</strong></span> <span class='ocrx_word' id='word_1_463' title='bbox 557 3509 635 3561; x_wconf 86' lang='lat' dir='ltr'><strong>sed</strong></span> <span class='ocrx_word' id='word_1_464' title='bbox 665 3519 868 3574; x_wconf 88' lang='lat' dir='ltr'><strong>quoniam</strong></span> <span class='ocrx_word' id='word_1_465' title='bbox 898 3517 1015 3572; x_wconf 88' lang='lat' dir='ltr'><strong>prior</strong></span> <span class='ocrx_word' id='word_1_466' title='bbox 1045 3517 1138 3560; x_wconf 89' lang='lat' dir='ltr'><strong>eius</strong></span> <span class='ocrx_word' id='word_1_467' title='bbox 1169 3531 1269 3572; x_wconf 89' lang='lat' dir='ltr'><strong>pars</strong></span> <span class='ocrx_word' id='word_1_468' title='bbox 1300 3520 1471 3573; x_wconf 89' lang='lat' dir='ltr'><strong>praeter</strong></span> <span class='ocrx_word' id='word_1_469' title='bbox 1499 3529 1639 3572; x_wconf 89' lang='lat' dir='ltr'><strong>pauca</strong></span> <span class='ocrx_word' id='word_1_470' title='bbox 1676 3517 1882 3570; x_wconf 87' lang='lat' dir='ltr'><strong>excerpta</strong></span> <span class='ocrx_word' id='word_1_471' title='bbox 1909 3513 2052 3568; x_wconf 87' lang='lat' dir='ltr'><strong>periit,</strong></span> <span class='ocrx_word' id='word_1_472' title='bbox 2091 3525 2238 3555; x_wconf 90' lang='lat' dir='ltr'><strong>eorum</strong></span> 
     </span>
     <span class='ocr_line' id='line_1_47' title="bbox 327 3588 1763 3649; baseline -0.003 -14"><span class='ocrx_word' id='word_1_473' title='bbox 327 3591 401 3649; x_wconf 88' lang='lat' dir='ltr'><strong>qui</strong></span> <span class='ocrx_word' id='word_1_474' title='bbox 431 3590 558 3635; x_wconf 90' lang='lat' dir='ltr'><strong>hodie</strong></span> <span class='ocrx_word' id='word_1_475' title='bbox 590 3592 740 3635; x_wconf 84' lang='lat' dir='ltr'><strong>extant</strong></span> <span class='ocrx_word' id='word_1_476' title='bbox 769 3591 973 3634; x_wconf 90' lang='lat' dir='ltr'><strong>librorum</strong></span> <span class='ocrx_word' id='word_1_477' title='bbox 1004 3589 1266 3632; x_wconf 88' lang='lat' dir='ltr'><strong>mentionem</strong></span> <span class='ocrx_word' id='word_1_478' title='bbox 1298 3590 1382 3632; x_wconf 88' lang='lat' dir='ltr'><strong>alio</strong></span> <span class='ocrx_word' id='word_1_479' title='bbox 1414 3589 1511 3632; x_wconf 92' lang='lat' dir='ltr'><strong>loco</strong></span> <span class='ocrx_word' id='word_1_480' title='bbox 1541 3588 1763 3631; x_wconf 87' lang='lat' dir='ltr'><strong>faciemus.</strong></span> 
     </span>
    </p>
   </div>
   <div class='ocr_carea' id='block_1_5' title="bbox 2375 3550 2392 4016">
    <p class='ocr_par' dir='ltr' id='par_1_6' title="bbox 2375 3550 2392 4016">
     <span class='ocr_line' id='line_1_48' title="bbox 2375 3550 2392 4016; baseline 0 0"><span class='ocrx_word' id='word_1_481' title='bbox 2375 3550 2392 4016; x_wconf 95' lang='lat' dir='ltr'><strong> </strong></span> 
     </span>
    </p>
   </div>
  </div>
 </body>
</html>
