2392 4016
341 129 367 173 2
1068 126 1285 175 Imperium
1315 125 1538 164 Persarum.

1946 279 1976 302 a·
1993 269 2075 302 Chr.
2122 269 2266 312 olymp.

612 335 684 394 A.
732 331 1164 431 ‚IMPERIUM
1215 332 1661 395 PERSARUM.

488 463 527 510 I.
602 459 854 510 POPULI
889 461 1130 526 QUOAD
1169 461 1276 512 SUI
1309 460 1492 511 IURIS
1529 461 1783 510 ERANT.

959 588 996 630 1.
1058 583 1323 630 Anam-1.

441 705 641 747 Periodus
666 705 805 758 prima
835 703 1014 757 incerta,
1046 703 1271 759 dynastias
1302 703 1492 746 I—XVI
1524 703 1833 759 complectens.

341 794 483 835 Menes
515 791 707 835 subactis
739 791 902 846 regulis
936 804 985 834 ac
1018 791 1267 835 civitatibus
1298 791 1555 846 conditaque
1575 791 1763 846 Memphi
1783 792 1934 832 auctor

399 851 448 894 fit
477 851 603 907 regni
631 849 893 905 Aegyptiaci
1744 850 1861 892 circa
1892 862 1928 890 a.
1965 849 2131 900 (4000)

343 911 450 953 Post
482 923 607 965 quem
639 921 775 963 usque
799 909 852 951 ad
884 922 994 961 eum,
1028 910 1102 963 qui
1123 909 1303 951 Ramses
1328 909 1418 951 sive
1442 908 1657 951 Sesostris
1680 908 1933 964 appellatur,

401 969 487 1013 330
518 981 644 1024 reges
674 968 811 1010 fuisse
844 968 1057 1010 dicuntur.

342 1028 403 1071 IV
434 1040 584 1083 regum
623 1026 844 1081 dynastia,
885 1039 994 1081 quae
1032 1025 1360 1080 Memphitarum
1399 1028 1599 1077 vocatur,
1636 1025 1934 1080 pyramidibus

403 1085 653 1128 extruendis
695 1085 875 1139 gloriam
914 1085 1094 1139 quaerit.
1155 1084 1275 1126 Inter
1313 1096 1388 1126 eos
1421 1083 1591 1139 Gheops
1631 1087 1674 1126 et
1705 1083 1934 1140 Ghephren

399 1145 635 1200 impietate,
669 1143 914 1197 Mycerinus
946 1143 1138 1184 iustitiae
1170 1141 1297 1184 laude
1319 1143 1529 1198 insignes.
1564 1142 1681 1194 (Hos
1701 1143 1935 1185 Herodotus

400 1213 438 1246 et
467 1205 679 1245 Diodorus
710 1203 924 1256 dynastiae
954 1202 1082 1242 XIX
1103 1199 1387 1255 postponunt.)

341 1262 431 1306 XII
463 1262 665 1318 dynastia
686 1261 1025 1316 Diospolitarum
1056 1272 1206 1315 regno,
1240 1260 1356 1316 quod
1388 1262 1515 1302 antea
1544 1259 1590 1301 in
1620 1259 1767 1314 plures
1789 1262 1935 1315 partes

400 1322 586 1364 divisum
625 1321 784 1372 fuerat,
827 1321 1057 1362 coniuncto
1092 1320 1252 1361 Thebis
1293 1322 1460 1374 regnat.
1529 1318 1597 1360 Ex
1636 1318 1692 1362 iis
1733 1318 1934 1362 Sesurte-

401 1394 479 1424 sen
510 1381 531 1422 Ι
569 1380 684 1422 bella
722 1379 768 1421 in
808 1379 913 1421 Asia
955 1379 1067 1435 gerit
1108 1381 1152 1420 et
1194 1378 1430 1421 obeliscum
1463 1377 1682 1433 Heliopoli
1720 1377 1934 1430 aedificat,

399 1439 666 1483 Amenemha
697 1437 762 1480 111
799 1438 963 1490 lacum,
1006 1438 1080 1492 qui
1116 1437 1274 1480 Moeris
1317 1437 1494 1489 dicitur,
1539 1436 1594 1478 ad
1631 1437 1937 1492 excipiendum

400 1499 548 1542 Nilum
580 1497 869 1540 abundantem
903 1470 1052 1539 eff'mlit
1083 1496 1460 1552 labyrinthumque
1493 1499 1675 1538 exornat
1746 1496 1863 1538 circa
1893 1509 1931 1537 a.
1963 1493 2134 1549 (2500)

343 1559 479 1603 Paulo
512 1560 613 1613 post
645 1569 752 1612 gens
776 1557 982 1599 Semitica
1004 1555 1209 1611 (Hyksos)
1244 1569 1299 1598 ex
1319 1556 1426 1598 Asia
1454 1555 1667 1610 irrumpit,
1698 1554 1936 1610 compluria

404 1617 579 1660 saecula
613 1616 856 1657 dominatur
893 1615 1005 1666 (430
1037 1627 1172 1657 annos
1203 1614 1403 1657 Manetho
1435 1613 1676 1666 numerat),
1718 1613 1797 1656 sed
1825 1613 1935 1656 indi-

405 1688 614 1733 genarum
646 1687 785 1718 mores
819 1687 868 1716 ac
901 1687 1025 1717 sacia
1056 1677 1297 1717 conservat.

341 1823 544 1869 Periodus
583 1823 717 1863 altera
753 1820 945 1863 restituti
983 1821 1109 1876 regni
1145 1821 1371 1863 historiam
1411 1819 1726 1875 complectens,
1765 1820 1812 1862 in
1849 1833 1935 1875 qua

593 1893 746 1936 regum
777 1880 952 1922 nomina
983 1883 1114 1932 certa,
1145 1882 1341 1935 tempora
1370 1880 1538 1921 incerta
1568 1881 1684 1920 sunt.

342 1968 477 2013 XVII
509 1968 736 2023 dynastiae
779 1970 930 2010 auctor
967 1968 1118 2010 Aames
1158 1966 1355 2019 <Amasis
1399 1966 1490 2010 sive
1531 1965 1730 2016 Amosis)
1770 1929 1934 2009 Thebis

402 2028 625 2079 oriundus,
667 2027 862 2082 expulsis
894 2028 1136 2083 peregrinis
1168 2026 1417 2082 Aegyptum
1447 2026 1615 2078 liberat,
1653 2026 1730 2068 sed
1759 2024 1935 2068 Abarim

401 2085 691 2138 (Pelusium),
724 2087 1000 2141 praecipuam
1030 2086 1202 2128 illorum
1234 2086 1395 2137 sedem,
1429 2097 1583 2140 capere
1615 2097 1701 2126 non
1732 2088 1889 2140 potest.

341 2145 496 2190 XVIII
527 2146 754 2200 dynastiae
786 2157 912 2200 reges
947 2145 1118 2187 Thebas
1149 2141 1338 2199 te'mplis,
1371 2144 1590 2195 obeliscis,
1634 2144 1789 2186 statuis
1823 2143 1934 2199 (quo

402 2208 595 2260 tempore
637 2205 766 2246 etiam
798 2204 1037 2246 Memnonis
1072 2206 1229 2255 statua,
1262 2216 1372 2258 quae
1405 2202 1575 2253 dicitur,
1608 2205 1806 2244 extructa
1837 2215 1935 2245 esse

402 2263 565 2315 fertur)
600 2265 810 2305 exornant
849 2265 891 2304 et
935 2265 1061 2317 capta
1090 2263 1223 2304 Abari
1261 2263 1305 2304 in
1336 2262 1444 2304 Asia
1474 2262 1588 2303 bella
1619 2263 1788 2316 gerunt.
1850 2261 1936 2304 Ex-

402 2323 565 2366 cellunt
594 2323 708 2363 inter
739 2334 813 2364 eos
848 2321 1098 2364 Tuthmosis
1131 2321 1194 2363 III
1227 2322 1269 2363 et
1299 2320 1564 2375 Amenophis
1600 2319 1673 2362 111.

341 2382 454 2426 XIX
488 2381 714 2437 dynastiae
745 2381 1148 2435 praestantissimus
1179 2393 1255 2421 rex
1289 2382 1356 2422 est
1390 2380 1559 2421 Ramses
1581 2380 1645 2430 II,
1678 2378 1935 2434 cognomine

399 2442 587 2483 Miamun
621 2440 749 2490 (idem
781 2442 852 2493 qui
882 2442 934 2480 ab
964 2441 1171 2481 Herodoto
1201 2439 1414 2490 Sesostris,
1447 2441 1521 2480 sed
1547 2455 1574 2480 a
1611 2439 1709 2480 Tac.
1740 2439 1846 2479 Arm.
1870 2439 1934 2490 II,

403 2502 457 2542 60
481 2501 679 2540 Rhamses
701 2498 972 2553 appellatur),
997 2499 1255 2555 longinquas
1279 2498 1576 2553 expeditiones
1599 2498 1642 2539 in
1661 2497 1935 2552 Aethiopiam

401 2562 444 2601 et
474 2559 519 2601 in
551 2559 699 2600 Asiam
733 2571 869 2613 usque
902 2558 956 2599 ad
985 2558 1122 2600 Indos·
1150 2558 1423 2613 Scythasque
1456 2558 1652 2612 suscipit,
1685 2556 1934 2611 Aegyptum

399 2619 444 2660 in
483 2617 539 2660 36
582 2630 733 2659 nomos
774 2617 958 2659 divisam
1005 2618 1225 2673 componit
1270 2617 1645 2671 monumentisque
1684 2616 1934 2670 ingentibus

402 2679 583 2719 exornat
1741 2675 1858 2716 circa
1889 2688 1931 2716 a.
1997 2673 2112 2717 1350

343 2735 582 2780 Successor
621 2735 713 2776 eius
752 2734 982 2789 Menephta
1019 2734 1138 2776 varia
1177 2734 1291 2776 bella
1337 2735 1470 2790 gerit,
1521 2733 1598 2776 sed
1649 2733 1933 2789 seditionibus

402 2794 653 2837 domesticis
695 2793 945 2835 distinetur.
987 2806 1070 2848 quo
1109 2797 1302 2849 tempore
1342 2794 1472 2835 etiam
1507 2793 1657 2835 Iudaei
1685 2779 1934 2860 Aegyptum

398 2854 601 2895 videntur
631 2852 861 2909 reliquisse
1745 2853 1862 2893 circa
1893 2865 1930 2893 a.
1997 2849 2112 2894 1300

341 2911 433 2955 XX
465 2912 710 2967 dynastiam
748 2912 938 2953 illustrat
975 2911 1157 2953 Ramses
1190 2911 1255 2953 III
1296 2911 1349 2967 (q
1352 2911 1396 2953 ui
1435 2911 1487 2953 ab
1517 2909 1739 2952 Herodoto
1778 2911 1935 2952 Rham-

399 2972 588 3027 psinitus
626 2970 854 3022 vocatur):
894 2970 998 3012 item
1037 2983 1194 3025 magna
1231 2970 1347 3012 bella
1384 2970 1429 3012 in
1459 2970 1567 3012 Asia
1605 2969 1737 3025 gerit,
1778 2982 1935 3025 magna

400 3030 598 3072 aedificia
630 3029 791 3071 extruit
1049 3050 1051 3052 ·
1747 3029 1863 3071 circa
1894 3041 1931 3070 a.
1995 3024 2111 3069 1250

343 3089 434 3132 Sub
468 3089 796 3132 successoribus
829 3088 922 3129 eius
954 3087 1147 3142 potentia
1176 3087 1302 3142 regni
1336 3086 1463 3129 cadit.

341 3148 476 3191 XXII
509 3148 753 3203 dynastiam
787 3147 802 3197 (
814 3141 1156 3196 Bubast1taru1n)
1191 3146 1338 3188 condit
1369 3145 1618 3188 Sesonchis.
1682 3144 1933 3188 Succedunt

403 3208 639 3259 Osorchon,
674 3206 936 3256 Tacelothis,
969 3206 1094 3248 bellis
1127 3206 1333 3248 Asiaticis
1367 3205 1579 3260 occupati.

341 3266 497 3308 XXIV
531 3266 733 3322 dynastia
764 3267 831 3307 est
863 3239 1092 3316 Saitarum,
1135 3265 1250 3306 inter
1280 3277 1388 3320 quos
1421 3262 1820 3306 commemorandus
1855 3262 1931 3306 Se-

402 3326 499 3367 thos
532 3326 588 3377 11,
621 3325 694 3380 qui
726 3324 1077 3375 Sanacharibum,
1110 3324 1388 3378 Assyriorum
1420 3336 1581 3379 regem,
1617 3322 1788 3377 repellit
2023 3320 2105 3362 711

344 3381 591 3438 Irrumpunt
623 3383 872 3438 Aethiopes,
904 3383 1080 3438 regibus
1109 3382 1346 3434 Sabacone,
1380 3382 1579 3432 Sebich0‚
1614 3381 1825 3432 Taharka,
1859 3380 1934 3435 qui

405 3443 456 3485 ab
495 3443 714 3485 Herodoto
755 3442 972 3484 communi
1011 3441 1249 3484 Sabaconis
1291 3442 1462 3484 nomine
1502 3440 1701 3483 videntur
1741 3452 1934 3495 compre-

403 3501 533 3544 hendi
564 3502 715 3552 (XXV
747 3501 950 3556 dynast.).
1010 3499 1330 3556 Quinquaginta
1362 3513 1497 3543 annos
1530 3501 1731 3555 Aegypto
1763 3499 1932 3554 potiun-
