2392 4016
604 203 656 244 ab
689 216 794 244 anno
826 215 863 243 a.
886 201 981 243 Chr.
1017 203 1094 242 1'01
1130 213 1258 253 usque
1287 202 1340 242 ad
1371 214 1522 243 annm
1556 202 1654 242 les.
2036 198 2095 247 m

166 349 295 386 aoht.
376 359 454 384 me.

163 395 283 442 ‘2178
363 393 472 441 581Δ
512 393 614 439 θοοὶ
635 393 948 438 Ιι.Ῥοσωηη·ω
966 392 1251 447 Alcman.
1275 393 1480 449 Popillius
1499 392 1708 445 Laenas.)
1761 392 1972 450 Popillius
2002 400 2093 438 cos.

160 481 163 483 >
239 470 243 483 ¹
493 458 498 464 “
556 452 718 498 Bellum
751 454 847 498 adv.
879 454 1065 512 Ligures
1097 452 1323 499 Statiellos
1354 453 1488 510 gerit,
1525 453 1572 496 in
1605 465 1765 509 eosque
1796 452 1967 496 deditos
2000 465 2096 510 gra·

535 513 669 556 ‘viter
700 513 905 567 consulit,
946 513 1219 571 improbante
1257 514 1426 556 senatu.
1492 509 1561 555 Ab
1601 511 1736 555 altero
1774 524 1863 556 cos.
1895 512 2096 568 privatim

558 571 854 617 Praenestinis
884 573 1010 627 irato,
1039 572 1315 630 perniciosus
1346 582 1441 615 mos
1471 570 1676 614 inventus
1706 574 1787 623 est,
1820 574 1869 613 ut
1888 572 1998 615 socii
2020 584 2096 628 pu·

463 643 466 647 ’
556 630 688 734 ξίἰεεεῡι
702 632 985 690 magistratus
1006 631 1131 675 Rom.
1163 630 1400 687 excipiant,
1422 630 1573 686 ‘iisque
1601 641 1711 687 quae
1733 630 1956 685 postulent
1975 643 2097 687 prae-

452 704 453 708 *
586 701 668 733 ean
690 723 701 733 .

407 762 413 770 ’
480 754 482 757 ’
614 748 886 806 Frequentes
915 748 1161 806 legationes
1193 747 1248 791 ad
1278 746 1458 791 Aetolos
1481 746 1805 804 Thessalosque
1836 759 2096 805 componen-

516 817 520 826 ²
557 807 707 851 darum
739 808 1002 852 seditionum
1033 819 1189 861 causa,
1230 807 1334 850 item
1367 806 1425 855 ad
1452 806 1666 861 Achaeos,
1699 806 1958 859 Eumenem,
1998 806 2097 850 Pto-

558 866 769 911 lemaeum
799 868 1044 920 mittuntur,
1073 866 1176 923 qnia
1204 865 1364 910 bellum
1387 878 1486 911 cnm
1507 865 1670 910 Perseo
1689 865 1974 909 Macedonum
1995 878 2097 923 rege

546 925 719 970 dudum
748 929 1050 983 praeparatum
1079 926 1291 969 imminet.

440 1009 443 1014 ·
615 985 870 1043 Philosophi
908 985 1114 1043 Epicurei
1158 984 1311 1029 Alcius
1358 987 1403 1028 et
1448 983 1667 1028 Philiscus
1715 983 1820 1027 urbe
1866 984 2098 1027 eiiciuntur

511 1051 514 1055 ’
558 1043 738 1147 (ἐῒῑιοῃ.
758 1044 854 1148 812,l
873 1044 969 1098 68),
1001 1044 1190 1102 pistores
1221 1043 1375 1088 eodem
1405 1042 1496 1087 fere
1526 1046 1720 1100 tempore
1752 1043 1968 1100 incipiunt
1997 1056 2095 1087 esse

236 1116 237 1119 ’
280 1118 281 1121 ’
558 1105 575 1156 (
621 1104 696 1148 lin.
730 1104 751 1147 1
789 1137 800 1157 ,
860 1104 961 1157 07).
1322 1119 1323 1122 “

195 1164 278 1209 172
361 1164 447 1210 582
510 1164 611 1207 Cos.
633 1163 678 1206 C.
695 1163 901 1219 Popillius
921 1163 1103 1215 Laenas,
1134 1162 1184 1205 P.
1202 1162 1347 1204 Aelius
1366 1161 1516 1217 Limus,
1546 1162 1663 1204 ambo
1677 1163 1852 1216 primunt
1873 1162 1923 1204 de
1941 1160 2098 1216 plebe.)

296 1252 300 1255 «
558 1222 744 1279 Ligures
777 1222 969 1267 Statielli
998 1221 1148 1279 populi
1178 1222 1302 1265 iussu
1333 1221 1379 1264 in
1409 1220 1653 1264 libertatem
1684 1221 1987 1264 restituuntur.

617 1281 835 1325 Eumenes
867 1294 959 1335 rex,
993 1281 1173 1325 Romam
1204 1293 1302 1324 cum
1334 1280 1529 1324 venisset
1558 1280 1733 1323 eximiis
1764 1279 2000 1323 honoribus
2031 1290 2099 1322 or·

558 1342 700 1395 natus,
734 1343 933 1385 senatum
966 1340 1021 1384 ad
1052 1340 1213 1384 bellum
1243 1352 1340 1383 cum
1363 1339 1525 1383 Perseo
1545 1338 1744 1396 protinus
1767 1339 2004 1396 gerendum
2026 1338 2099 1381 ad·

558 1399 776 1443 hortatur:
819 1412 917 1443 enm
946 1401 1236 1443 revertentem
1266 1410 1400 1456 prope
1432 1397 1625 1455 Delphos
1655 1398 1847 1441 latrones
1879 1412 1906 1441 a
1937 1398 2098 1442 Perseo

557 1458 763 1521 conducti
794 1459 1042 1516 opprimunt
1072 1470 1122 1502 ac
1154 1469 1292 1515 paene
1322 1455 1602 1510 interficiunt,
1634 1469 1768 1514 quare
1791 1461 1969 1500 senatus
1999 1459 2099 1499 ani-

557 1519 695 1561 citiam
727 1519 876 1561 Perseo
909 1519 1128 1570 renuntiat,
1161 1519 1205 1560 et
1234 1516 1397 1560 bellum
1428 1528 1597 1561 summa
1617 1528 1722 1559 cura
1742 1520 1879 1573 parat,
1912 1517 2099 1572 legatos-

556 1589 642 1633 que
673 1577 728 1620 ad
766 1578 910 1620 socios
942 1577 996 1620 de
1035 1576 1210 1620 auxiliis
1242 1575 1395 1628 mittit,
1437 1577 1481 1618 et
1511 1575 1557 1618 in
1587 1574 1795 1629 Africam,
1829 1578 1903 1632 qui
1934 1575 2096 1619 bellum

230 1640 258 1653 ”·
548 1636 670 1679 inter
699 1636 976 1690 Masinissam
1007 1638 1052 1679 et
1082 1634 1470 1693 Carthaginienses
1501 1639 1776 1692 componant.

174 1695 290 1739 ‘⁴171‘
362 1694 449 1740 583
512 1694 612 1739 Cos.
644 1694 695 1738 P.
734 1695 924 1738 Licinius
966 1695 1153 1748 Crassus,
1204 1695 1249 1737 C'.
1286 1694 1455 1737 Cassius
1494 1693 1721 1749 Longinus,
1763 1696 1854 1737 item
1895 1696 2012 1736 ambo
2051 1695 2100 1736 de

386 1783 388 1785 »
552 1753 712 1810 plebe.)
781 1753 942 1798 Perseo
982 1755 1140 1811 legatis
1170 1753 1255 1797 huc
1283 1753 1390 1796 illuc
1421 1753 1644 1796 mittendis
1676 1756 1965 1810 opportunum
1996 1753 2100 1796 belli

563 1813 743 1868 gerendi
786 1815 959 1870 tempus
1006 1813 1142 1870 perit,
1186 1811 1288 1855 dum
1327 1811 1375 1854 P.
1416 1811 1612 1856 Licinius
1651 1812 1774 1864 (nam
1816 1811 1971 1855 Cassio
2008 1824 2098 1855 cos.

558 1871 687 1916 Italia
715 1871 943 1924 evenerat)
984 1885 1084 1917 cum
1126 1871 1304 1928 egregio
1334 1870 1469 1914 ferme
1509 1869 1659 1915 30000
1685 1871 1778 1914 mil.
1819 1871 2015 1914 exercitu
2054 1871 2098 1914 in

560 1931 832 1975 Thessaliam
863 1931 996 1975 venit.
1065 1930 1219 1987 Neque
1257 1932 1402 1975 tamen
1438 1930 1708 1988 improspere
1747 1930 1908 1974 bellum
1940 1943 1966 1972 a
1995 1942 2099 1987 rege

560 1991 677 2035 circa
707 1989 928 2034 Larissam
960 1990 1146 2047 geritur,
1185 1989 1261 2046 qni
1292 1989 1331 2033 si
1359 1988 1526 2033 viribus
1559 1989 1652 2034 suis
1683 1990 1729 2033 in
1760 1992 1880 2033 tanta
1911 1988 2098 2033 Graeco·

557 2061 653 2092 rum
677 2050 876 2093 omnium
906 2049 1198 2108 propensione
1228 2059 1336 2093 usus
1368 2051 1500 2102 esset,
1533 2048 1678 2093 delere
1701 2049 1825 2092 Rom.
1857 2048 2097 2092 exercitum

558 2108 720 2166 potuit.
782 2109 867 2152 Per
896 2108 1082 2152 hiemem
1113 2107 1269 2153 Boeoti
1299 2120 1325 2150 a
1355 2119 1461 2161 cos„
1493 2119 1633 2164 neque
1663 2108 1805 2151 minus
1838 2121 1864 2151 a
1893 2108 2097 2151 Lucretio

555 2169 709 2227 praet„
741 2167 897 2212 classis
909 2167 916 2171 ’
928 2167 1164 2224 praefecto,
1193 2169 1423 2219 vexantur.

195 2227 282 2273 170
363 2226 450 2272 584
512 2226 613 2271 Cos.
644 2226 699 2270 A.
722 2226 929 2270 Hostilius
947 2227 1181 2279 Mancinus,
1212 2226 1267 2269 A.
1284 2226 1447 2269 Atilius
1465 2224 1712 2277 Serranus.)
1764 2224 1925 2269 Eadem
1958 2226 2096 2270 hieme

327 2293 330 2299 ’
558 2285 817 2331 Macedones
850 2286 1038 2330 classem
1058 2286 1182 2329 Rom.
1208 2285 1309 2329 Orei
1339 2285 1637 2329 hibernantem
1670 2286 1919 2343 opprimunt
1949 2290 1993 2329 et
2022 2286 2097 2328 ali-

557 2347 667 2447 {uot
694 2357 830 2389 naves
868 2345 1145 2398 abstrahunt,
1186 2357 1326 2401 neque
1356 2357 1435 2402 per
1471 2348 1682 2388 aestatem
1721 2344 1956 2401 quidquam
1989 2345 2096 2388 satis

600 2404 766 2448 omanis
796 2403 1008 2462 procedit.
1043 2409 1045 2411 ’
1069 2403 1285 2448 Hostilius
1317 2415 1407 2447 cos.
1438 2416 1517 2461 per
1548 2402 1813 2448 Cambunios
1851 2408 2020 2447 montes
2052 2405 2096 2447 in

529 2483 531 2485 ·
557 2463 857 2507 Macedoniam
887 2463 1166 2520 ingressurus
1198 2463 1400 2515 vincitur,
1440 2475 1466 2505 a
1496 2461 1670 2506 diversa
1699 2467 1822 2519 parte
1855 2463 1935 2519 Ap.
1970 2463 2096 2506 Clau·

559 2522 656 2566 dius
698 2523 744 2566 in
776 2522 1039 2567 Dassaretiis
1079 2522 1296 2567 Uscanam
1334 2524 1497 2565 temere
1535 2533 1771 2581 aggressus
1811 2523 1995 2578 turpiter
2031 2535 2097 2566 re·

557 2581 746 2638 pellitur.
772 2579 784 2602 ·
807 2581 1013 2639 Epirotae
1044 2580 1100 2625 ad
1130 2580 1338 2626 Perseum
1369 2578 1589 2624 deficiunt.
1658 2580 1782 2624 Alter
1811 2592 1901 2624 cos.
1934 2581 2095 2626 Atilius

558 2641 605 2684 in
635 2639 815 2696 Liguria
845 2639 953 2684 nihil
983 2639 1261 2683 memorabile
1291 2639 1418 2696 gerit.

202 2700 287 2746 169
362 2700 454 2747 ’585
516 2698 618 2743 008.
662 2698 711 2748 Q.
744 2698 934 2741 Marcius
962 2699 1181 2754 Philippus
1210 2698 1282 2750 ΙΙ,
1333 2698 1405 2741 aa.
1437 2696 1640 2743 Serviliu-
1683 2698 1847 2754 Caepio.
1919 2699 2096 2742 Praetor

562 2757 612 2801 C.
643 2756 864 2813 Sulpicius
898 2756 1065 2811 Gallus,
1098 2757 1279 2801 Graecis
1311 2755 1468 2801 litteris
1499 2756 1856 2813 eruditissimus.)
1907 2758 1956 2811 Q.
1986 2758 2094 2803 Mar-

562 2816 658 2860 cius
690 2827 780 2860 cos.
813 2815 936 2867 (nam
958 2815 1145 2861 Servilio
1167 2815 1294 2860 ltalia
1323 2816 1579 2873 obtigerat),
1610 2829 1688 2874 per
1709 2816 1990 2874 Callipeucen
2011 2817 2095 2861 sal·

560 2878 652 2918 tum
693 2874 738 2917 in
770 2873 934 2919 Maced.
966 2875 1010 2919 in
1066 2887 1215 2929 essus,
1254 2875 1301 2919 in
1340 2887 1438 2919 eum
1469 2875 1613 2920 locum
1645 2887 1693 2919 se
1724 2877 1924 2930 coniicit,
1965 2876 2091 2929 unde,

563 2933 602 2977 si
632 2932 792 2977 bellum
824 2946 975 2991 gerere
1043 2947 1193 2979 erseus
1224 2933 1471 2989 didicisset,
1513 2934 1678 2980 reditus
1722 2947 1806 2978 nou
1839 2940 1943 2979 crat.
2005 2935 2094 2980 Sed

560 2990 635 3035 ille
674 2991 719 3036 ln
758 2990 802 3036 fu
968 2993 1217 3051 raecipitem
1255 3005 1304 3038 se
1334 2993 1430 3047 dat,
1468 2996 1514 3038 et
1548 2994 1623 3039 vix
1654 2994 1825 3038 demum
1859 2996 2093 3052 resipiscit,

562 3061 662 3094 cum
695 3053 815 3095 caste
835 3051 876 3095 la
905 3006 1202 3107 Macedonum,
1237 3053 1396 3110 quibus
1426 3053 1498 3096 via
1527 3066 1606 3110 per
1633 3054 1859 3109 angustias
1892 3055 1935 3098 in
1958 3054 2093 3098 Thes-

562 3109 713 3155 saliam
745 3108 887 3155 ferens
919 3111 1149 3156 intercludi
1211 3115 1344 3165 osset,
1377 3125 1403 3154 a
1424 3111 1547 3155 Rom.
1570 3117 1888 3169 expugnantur.
1942 3112 2092 3171 Neque

562 3176 670 3212 vero'
695 3170 854 3215 ceteris
885 3182 910 3213 o
1001 3171 1280 3215 rtunitatibus
1312 3170 1501 3215 scienter
1539 3170 1694 3224 utitur,
1734 3171 1915 3215 avaritia
1943 3183 2120 3225 occae-,

564 3228 916 3331 catusfflsen
974 3229 1220 3287 lllyriorum
1241 3233 1287 3273 et
1307 3228 1531 3275 Gallorum
1552 3228 1729 3282 auxilio,
1761 3230 1863 3275 item
1886 3230 2091 3275 Eumenis

563 3286 608 3329 et
626 3284 693 3330 Rh
796 3299 904 3342 rum,
935 3288 1009 3345 qui
1031 3287 1190 3332 dudum
1211 3287 1379 3334 animos
1409 3301 1435 3332 a
1456 3287 1662 3333 Romanis
1684 3289 1849 3333 alienos
1871 3290 2090 3335 haberent.

622 3342 924 3403 Quinquennio
951 3349 1143 3405 peracto,
1167 3359 1252 3404 quo
1277 3349 1452 3392 senator
1474 3347 1620 3392 nullus
1643 3353 1838 3393 mortuus
1865 3353 1935 3393 est
1954 3350 2090 3403 (Pliu.

563 3402 605 3457 7,
635 3402 722 3459 49)
752 3416 874 3449 cens.
902 3403 1013 3450 flunt
1033 3404 1080 3450 C.
1103 3404 1311 3451 Claudius
1331 3405 1531 3461 Pulcher,
1563 3406 1630 3451 Ti.
1653 3406 1936 3465 Sempronius
1958 3408 2093 3453 Grac·

562 3462 692 3517 chus,
731 3475 758 3508 a
787 3462 944 3523 quibus
981 3464 1171 3511 libertini
1210 3478 1267 3512 ex
1294 3465 1472 3511 rusticis
1509 3467 1707 3512 tribubus
1746 3467 1790 3511 in
1822 3466 1857 3512 E
1914 3468 2091 3513 uilinam

560 3522 863 3567 coniiciuntur.
931 3521 986 3567 M.
1029 3522 1238 3570 Aemilius
1283 3524 1486 3583 princeps
1526 3530 1703 3570 senatus
1744 3525 1820 3571 111.
1938 3527 2091 3573 asilica

561 3581 816 3640 Sempronia
847 3585 1073 3628 extruitur.
1137 3586 1295 3629 Ennius
1324 3586 1453 3643 posta
1483 3588 1674 3630 moritur.
