2392 4016
777 177 1008 231 Pergamus.
1059 179 1267 232 Bithynia.
1314 179 1472 223 Sicilia.
2028 186 2088 232 49

162 367 268 415 Eius
299 368 415 415 filius
448 369 688 413 Nicomedes
727 383 824 413 cum
864 371 1049 427 primum
1088 385 1165 415 rex
1196 372 1336 415 factus
1369 376 1458 425 est,
1499 373 1649 419 Gallos
1681 389 1755 419 na·
1779 331 1905 366 “eh'‘
1942 332 2089 375 Oly-p.

222 428 346 472 vibus
379 429 422 472 in
456 429 605 473 Asiam
634 428 824 473 traducit
853 442 1089 487 eorumque
1119 431 1283 475 auxilio
1313 443 1486 475 omnem
1505 432 1755 489 Bithyniam

218 488 264 531 in
295 490 555 544 potestatem
585 487 747 543 redigit
1804 493 1891 538 277
1957 494 2039 540 125
2062 495 2090 540 3

162 545 459 589 Nicomediam
493 546 640 591 condit
670 547 956 593 exadversum
988 548 1197 592 Astacum
1229 561 1254 590 a
1275 547 1537 604 Lysimacho
1569 550 1753 593 dirutam
1807 553 1894 596 264

162 604 269 649 Post
300 618 398 649 eum
427 605 574 648 Zoilus
603 618 785 662 regnum
817 607 948 650 armis
982 606 1206 650 Gallorum
1239 607 1408 651 obtinet
1438 610 1590 651 contra
1618 610 1754 665 patris

219 666 525 708 testamentum
1786 668 1912 722 (250)

161 721 287 776 Eum,
320 735 419 767 cum
448 736 474 765 a
505 721 644 766 Gallis
676 722 931 766 interfectus
965 726 1104 775 esset,
1146 724 1341 779 sequitur
1378 723 1494 768 filius
1526 726 1702 768 Prusiae
1733 728 1761 768 Ι

219 782 337 834 (fere
367 781 422 825 ab
453 795 491 824 a.
524 781 805 834 228—183)
837 782 1028 838 Philippi
1049 781 1113 825 111
1143 782 1394 827 Macedonis
1425 785 1572 829 socius
1603 789 1757 829 contra

219 841 409 885 Attalum
431 839 465 893 1,
497 853 584 897 quo
613 841 660 884 in
691 841 805 884 bello
829 840 955 884 Cium
987 843 1032 884 et
1051 841 1263 896 Myrleam
1294 843 1424 898 cepit,
1455 856 1565 899 quas
1596 844 1649 888 de
1675 857 1755 888 suo

219 902 262 942 et
294 900 442 943 uxoris
476 900 648 943 nomine
682 899 934 943 Prusiadem
966 903 1012 942 et
1041 899 1277 956 Apameam
1308 903 1494 946 vocavit.
1546 903 1677 947 Jdem
1708 905 1753 947 iu

218 958 540 1015 oppugnatione
571 958 808 1002 Heracleae
850 958 1101 1002 vulneratus
1143 960 1314 1003 claudus
1351 963 1396 1004 et
1432 960 1483 1005 fit
1519 965 1564 1005 et
1606 963 1754 1019 appel·

217 1016 340 1060 latur.
401 1017 688 1061 Hannibalem
720 1018 774 1061 ad
805 1031 854 1062 se
886 1018 1115 1075 profugum
1148 1019 1306 1075 prodit.

158 1073 365 1132 Sequitur
395 1089 494 1119 eum
524 1077 700 1120 Prasias
720 1077 779 1120 ΙΙ
802 1069 995 1135 κυνηγὸς
1025 1078 1285 1133 appellatus,
1318 1078 1468 1122 Persei
1486 1078 1651 1123 Maced.
1683 1092 1753 1123 so-

216 1135 327 1179 roris
358 1136 552 1179 maritus.
1534 1164 1538 1170 ·

158 1192 267 1237 Cum
298 1193 388 1237 filio
418 1207 553 1251 puero
587 1194 643 1238 10
663 1207 762 1238 ann.
795 1194 1032 1239 Nicomede
1055 1194 1218 1238 Romae
1250 1196 1525 1240 senatoribus
1556 1196 1756 1240 adulatur
1810 1199 1891 1243 167

157 1251 317 1296 Postea
346 1254 530 1297 eundem
561 1252 697 1296 filium
729 1253 829 1297 odio
859 1253 1148 1310 persequitur,
1180 1254 1394 1310 Bithynos
1416 1256 1590 1311 premit,
1624 1255 1754 1300 Nico-

214 1311 390 1355 mediae.
413 1313 459 1356 in
490 1312 597 1357 aede
628 1312 745 1356 Iovis
776 1313 902 1356 iussu
932 1311 1012 1355 filii
1041 1312 1283 1357 trucidatur
1809 1315 1891 1358 149

158 1370 398 1414 Nicomedes
417 1372 476 1414 ΙΙ
498 1372 741 1427 Epiphanes
770 1374 924 1428 regnat
954 1383 1092 1427 usque
1122 1371 1179 1415 ad
1207 1385 1246 1414 a.
1834 1373 1888 1417 91

157 1428 376 1472 Romanos
407 1430 451 1473 in
484 1431 599 1474 bello
629 1429 874 1474 Aristonici
903 1430 1094 1483 adiuvat,
1133 1430 1230 1486 ipse
1260 1430 1315 1472 ab
1347 1429 1529 1474 Socrate
1558 1429 1649 1475 filio
1681 1444 1752 1475 oc-

216 1487 387 1531 ciditur.

156 1545 395 1589 Nicomedes
416 1546 500 1588 III
530 1546 777 1602 Philopator
813 1546 882 1590 bis
922 1559 948 1589 a
983 1546 1230 1592 Mithridate
1269 1546 1522 1602 expellitur,
1562 1561 1588 1590 a
1626 1547 1750 1592 Rom.

213 1605 478 1648 restituitur:
500 1605 690 1648 moriens
713 1607 976 1648 testamento
997 1618 1180 1662 regnum
1200 1605 1362 1661 populo
1385 1605 1508 1649 Rom.
1531 1607 1750 1663 relinquit.

214 1663 263 1707 L.
287 1663 437 1707 Iunius
459 1663 651 1717 Silanus,
682 1664 814 1708 Asiae
834 1676 1022 1720 procos„
1054 1677 1209 1708 novam
1230 1665 1499 1720 provinciam
1519 1667 1755 1722 componit.
1836 1666 1892 1710 76

155 1946 245 2025 III.
315 1973 444 2026 RES
479 1975 914 2026 GRAEOARUM
946 1976 1333 2027 CIVITATUM
1366 1977 1442 2026 IN
1466 1977 1705 2027 ITALIA
1728 1979 1819 2028 ET
1841 1977 2090 2030 SICILIA

337 2041 818 2104 CONDITARUM,
852 2042 1243 2094 PRAECIPUE
1277 2042 1906 2116 SYRACUSANORUM.

275 2189 496 2243 Coloniae,
530 2204 556 2233 a
587 2190 716 2234 variis
747 2192 953 2247 gentibus
978 2191 1188 2236 Graeciae
1218 2192 1264 2235 in
1295 2191 1467 2236 Italiam
1499 2191 1726 2244 deductae,
1758 2205 1857 2238 cum
1878 2193 1968 2246 diu,
2000 2207 2088 2237 ma-

155 2249 270 2292 xime
310 2249 390 2292 sub
423 2261 582 2292 annum
613 2248 702 2293 500
732 2262 770 2293 a.
796 2249 895 2294 Chr.
927 2250 1202 2303 floruissent,
1243 2254 1419 2295 centum
1448 2250 1539 2293 fere
1578 2251 1703 2294 annis
1742 2255 1844 2307 post
1873 2253 2034 2308 partim
2064 2266 2090 2296 a

156 2307 529 2363 Syracusanorum
558 2309 913 2364 praepotentibus
944 2311 1157 2366 tyrannis,
1187 2310 1345 2365 partim
1377 2310 1431 2353 ab
1505 2309 1630 2353 alicis
1660 2310 1880 2366 gentibus,
1911 2311 2089 2367 quibus-

155 2379 253 2409 cum
283 2368 541 2422 perpetuum
580 2366 742 2410 bellum
773 2369 1004 2424 gerebant,
1044 2369 1172 2412 atteri
1203 2371 1247 2411 et
1277 2369 1427 2411 vexari
1458 2382 1481 2411 c
1513 2370 1638 2424 eptae
1669 2372 1784 2412 sunt.
1845 2369 1957 2413 Nam
1988 2383 2086 2414 cum

154 2424 390 2481 Dionysius
422 2427 617 2482 uterque,
648 2438 751 2470 mox
770 2425 1036 2484 Agathocles
1069 2440 1174 2484 opes
1207 2439 1310 2470 suas
1342 2439 1502 2483 augere
1532 2427 1707 2481 vellent,
1738 2429 1981 2483 proximam
2003 2429 2086 2472 Ita-

154 2483 254 2526 liam
286 2486 332 2526 et
359 2483 489 2528 urbes
522 2483 735 2538 Graecas,
776 2489 851 2528 aut
883 2486 1002 2529 nulla
1034 2490 1108 2529 aut
1147 2485 1319 2529 infirma
1349 2486 1559 2530 societate
1590 2486 1705 2530 inter
1721 2499 1784 2533 ,se
1814 2487 2086 2539 coniunctas,

152 2542 364 2598 imprimis
396 2542 626 2599 Rhegium,
667 2542 915 2598 Crotonem,
955 2545 1134 2597 Locros,
1173 2545 1376 2600 aggressi
1406 2546 1523 2588 sunt.
1584 2544 1674 2588 Sed
1704 2545 1912 2588 maiorem
1943 2546 2088 2598 etiam,

153 2612 280 2656 quam
311 2601 418 2644 haec
457 2601 592 2655 bella,
633 2602 924 2647 calamitatem
961 2604 1018 2648 iis
1057 2603 1295 2647 attulerunt
1332 2603 1572 2650 vicinarum
1612 2603 1808 2658 gentium
1840 2603 2087 2648 Italicarum

152 2659 355 2715 impetus,
385 2661 642 2716 praesertim
673 2673 729 2703 ex
758 2673 844 2717 quo
879 2665 1074 2718 tempore
1096 2661 1331 2714 Samnites,
1363 2673 1420 2704 ex
1449 2660 1670 2705 veteribus
1701 2661 1879 2705 sedibus
1909 2662 2089 2707 descen·

152 2717 320 2771 dentes,
352 2719 555 2775 regiones
587 2719 697 2762 mari
727 2719 975 2764 adiacentes
1008 2732 1221 2776 occupare
1254 2719 1536 2763 conabantur.
1598 2718 1712 2762 Tum
1743 2732 1846 2763 vero
1877 2719 2087 2777 Campani

154 2779 198 2819 et
219 2775 386 2820 Lucani
418 2779 463 2820 et
490 2776 652 2821 Bruttii
674 2776 854 2822 Graecis
886 2779 1066 2822 urbibus
1097 2778 1395 2831 imminebant,
1427 2790 1479 2822 ac
1509 2777 1718 2834 paulatim
1750 2778 1995 2835 plerasque,
2027 2780 2087 2823 ci-

155 2834 279 2878 vibus
300 2835 459 2891 partim
480 2834 719 2891 dissipatis,
750 2837 907 2891 partim
937 2837 1111 2890 occisis,
1143 2839 1426 2892 occuparunt,
1457 2837 1710 2893 ceteroquin
1732 2837 1787 2880 ab
1808 2849 1890 2881 usu
1914 2838 2087 2893 linguae

155 2891 348 2937 Graecae
370 2905 640 2950 nequaquam
664 2894 956 2938 abhorrentes.
996 2895 1092 2939 Huc
1116 2895 1344 2939 Strabonis
1366 2894 1499 2938 verba
1517 2896 1749 2951 pertinent,
1782 2895 1941 2952 Geogr.
1961 2896 2036 2949 VI,
2060 2896 2086 2939 2

153 2953 284 2995 val'
300 2948 350 2994 δὲ
381 2951 596 3008 (Augusti
623 2952 820 3009 imperat.
850 2952 1018 3006 aetate)
1047 2950 1171 3008 πλὴν
1205 2949 1446 3010 meast-tos,
1479 2955 1556 2996 καὶ
1570 2948 1764 3011 Ῥηγίου,
1796 2956 1873 2996 καὶ
1900 2951 2087 2998 Νεαπό-

152 3007 276 3062 λεωε,
311 3010 861 3071 ἐκβεβαρβαρῶσθαι
891 3014 1179 3068 συμβέβηκεν
1199 3006 1403 3064 ἅπαντα,
1437 3014 1513 3055 καὶ
1541 3005 1600 3055 τὰ
1617 3014 1708 3061 μὲν
1726 3007 1995 3059 Λευκανοὺς
2013 3015 2088 3055 καὶ

154 3072 400 3128 Βρεττίους
441 3071 668 3122 κατέχειν,
707 3062 769 3113 τὰ
812 3066 861 3112 δέ
891 3066 1194 3127 Καμπάνους·
1235 3074 1312 3113 καὶ
1347 3067 1543 3115 τούτους
1571 3066 1715 3127 λόγῳ,
1755 3065 1811 3113 τὸ
1843 3066 1889 3113 δ’
1915 3066 2088 3126 ἀληθὲς

150 3123 412 3184 Ῥωμαίους·
444 3128 520 3169 καὶ
546 3121 635 3186 γὰρ
666 3123 800 3171 αὐτοὶ
815 3125 1027 3185 Ῥωμαῖοι
1055 3126 1311 3189 γεγόνασιν.
1366 3129 1568 3174 Ceterum
1600 3129 1752 3173 harum
1772 3129 1999 3174 civitatum
2020 3142 2086 3173 re·

154 3198 349 3240 censum,
379 3186 626 3243 praecipue,
665 3187 837 3244 quando
869 3191 913 3231 et
943 3202 969 3231 a
999 3190 1157 3245 quibus
1188 3188 1389 3232 conditae
1420 3188 1524 3240 siut,
1555 3187 1676 3230 hisce
1707 3187 1867 3231 tabulis
1899 3188 2086 3232 adiicere

153 3245 260 3289 utile
292 3244 533 3299 videbatur,
565 3257 823 3303 quamquam
853 3259 1073 3304 perpauca
1102 3251 1226 3300 sunt,
1264 3258 1374 3302 quae
1405 3245 1459 3290 de
1489 3258 1636 3289 earum
1667 3245 1797 3289 rebus
1829 3247 1968 3302 gestis
2001 3250 2085 3290 tra-

154 3303 245 3348 dita
275 3303 555 3360 reperiamus.
1051 3326 1053 3328 ·

1772 3372 1899 3408 tcbr.
1937 3372 2084 3416 Oly-p.

158 3419 321 3471 Cumae,
362 3418 665 3474 antiquissima
696 3417 962 3463 Graecorum
992 3419 1038 3462 in
1069 3419 1137 3464 his
1167 3418 1420 3476 regionibus
1451 3420 1636 3472 colonia,
1676 3419 1748 3463 de·

211 3476 384 3521 ducitur
415 3490 441 3520 a
472 3476 834 3522 Chalcidensibus
863 3477 1067 3523 Euboeae
1773 3475 1882 3523 1031

155 3534 262 3585 Inde
294 3535 504 3593 originem
536 3535 657 3582 ducit
685 3536 902 3593 Neapolis,
933 3536 1092 3581 Zancle
1123 3536 1168 3580 in
1199 3534 1363 3584 sieilia.
