2392 4016
169 349 202 375 a.
216 340 301 374 cnr.

195 796 282 840 443

193 1147 280 1193 442

194 1266 278 1309 441

194 1324 284 1368 440

191 1616 279 1661 439

158 1906 161 1908 ·
191 1909 280 1955 438

191 2055 278 2130 43⁵2

190 2260 278 2306 436

190 2436 279 2482 435

192 2730 280 2776 434

192 2965 280 3010 433

192 3023 279 3068 432

191 3082 275 3127 431

194 3492 284 3539 430

610 192 662 233 ab
695 204 800 232 anno
832 205 869 232 a.
893 189 987 231 Chr.
1018 190 1103 232 458
1138 201 1263 240 usque
1294 190 1348 230 ad
1378 188 1651 230 annun1480.
2034 186 2089 231 61

366 348 400 373 u.
418 348 449 372 c·
559 381 786 440 prodatur,
816 383 963 438 patres
994 380 1294 433 consentiunt,
1332 382 1382 423 ut
1412 380 1564 422 tribuni
1592 380 1760 422 militum
1790 378 1998 422 consulari
2020 394 2095 434 po-

564 449 707 484 testate
736 440 983 496 promiscue
1015 452 1070 483 ex
1100 440 1283 495 utroque
1315 437 1466 481 ordine
1496 441 1709 481 creentur.

364 501 453 546 310
510 500 597 543 ΙΙΙ
622 501 774 543 tribuni
802 500 885 542 mil.
917 514 1022 542 cons.
1048 506 1136 554 pot.
1166 496 1287 551 (Liv.
1307 495 1351 550 4,
1380 494 1448 550 7),
1478 495 1591 539 inter
1621 509 1696 540 eos
1737 512 1837 539 unus
1877 494 1930 539 de
1969 494 2094 552 plebe

561 561 643 611 est,
673 557 724 601 L.
755 556 917 602 Atilius
948 557 1142 614 Longus.

618 615 709 661 Sed
738 617 867 660 tertio
898 628 1048 660 mense
1079 614 1351 671 magistratu,
1384 625 1598 670 augurum
1619 611 1810 664 decreto,
1841 612 1966 668 quasi
1990 612 2094 655 vitio

558 675 708 728 creati,
738 676 920 729 abeunt,
962 677 1007 719 et
1043 686 1134 718 cos.
1165 675 1368 717 creantur
1395 671 1452 715 L.
1485 668 1684 727 Papirius
1714 671 1994 725 Muqillanus,
2041 671 2093 711 L.

559 734 822 789 Sempronius
841 734 1061 776 Atratinus
1078 745 1157 789 per
1176 732 1438 788 interregem
1458 729 1704 787 patricium,
1737 732 1782 772 et
1801 729 1887 785 ipsi
1908 729 2094 784 patricii.

362 794 446 839 311
511 792 612 838 008.
651 793 716 836 M.
753 793 964 848 Geqanius
1001 791 1203 834 Macerin.
1241 791 1300 832 II
1301 822 1314 844 ‚
1367 790 1415 833 T.
1453 790 1613 840 Quina.
1657 788 1793 844 Capit.
1832 788 2016 830 Bartae.
2049 788 2095 839 Γ,

556 851 631 909 qui
661 851 725 895 Id.
755 851 862 895 Dec.
894 850 1197 907 magistratum
1227 850 1432 902 inierunt,
1472 861 1513 891 v.
1539 835 1727 903 Dionys.
1765 846 1832 899 ll,
1865 846 1936 899 63,
1969 846 2095 889 cuius

558 910 741 955 historia
778 911 824 953 in
860 910 902 954 h.
933 923 972 953 a.
1012 907 1319 965 abrumpitur.)
1385 908 1578 950 Censores
1614 907 1742 963 primi
1780 906 1825 949 in
1856 906 2095 961 quinquen-

560 969 679 1013 nium
695 970 898 1013 creantur
904 968 1104 1025 Papirius
1118 970 1164 1012 et
1173 967 1448 1023 Sempronius,
1475 966 1633 1022 prioris
1650 965 1753 1009 anni
1769 977 1859 1007 cos.
1876 964 2043 1016 (lustr.l
2054 963 2094 1013 1)

616 1027 829 1083 Ardeates
869 1027 1084 1072 seditione
1123 1030 1239 1080 orta,
1286 1027 1399 1070 inter
1438 1026 1562 1068 Rom.
1602 1027 1647 1068 et
1668 1024 1854 1068 Volscos
1893 1022 2094 1066 Antiates

560 1087 800 1141 haesitant,
832 1086 911 1131 sed
941 1086 1126 1130 Romani
1157 1085 1404 1142 superiores
1436 1084 1541 1128 facti
1571 1083 1721 1127 urbem
1750 1085 1980 1138 occupant.

362 1147 449 1192 312
513 1146 614 1191 008.
654 1147 718 1189 M.
751 1147 907 1189 Fabius
931 1145 1177 1197 Vibulanus,
1215 1144 1430 1187 Postumus
1465 1144 1667 1186 Aebutius
1705 1142 1818 1184 Etva
1861 1140 2095 1191 Cornicen.)

558 1204 744 1249 Ardeam
776 1204 948 1248 colonia
978 1204 1103 1247 Rom.
1136 1202 1378 1246 deducitur.
1439 1202 1496 1245 M.
1527 1202 1690 1246 Fabius
1722 1203 1841 1257 pont.
1873 1213 1986 1243 max.

362 1264 449 1309 313
510 1263 612 1308 Cos.
649 1264 694 1307 C.
725 1265 888 1307 Furius
905 1263 1076 1306 Pacilus
1103 1263 1252 1315 Fusus,
1282 1262 1365 1305 Μ’.
1395 1261 1595 1317 Papirius
1629 1260 1814 1303 c'rasm.

362 1323 449 1368 314
531 1345 588 1353 —
647 1323 849 1366 Proculus
883 1322 1095 1378 Geqanius
1114 1321 1366 1374 Macerinus,
1396 1320 1452 1364 L.
1473 1320 1688 1364 Meuem'us
1706 1316 1938 1368 Lanatus.)
1986 1315 2095 1360 Cum

559 1381 671 1424 fame
712 1381 909 1425 homines
941 1381 1159 1433 laborent,
1197 1392 1337 1436 neque
1377 1391 1430 1423 ea
1466 1392 1545 1435 per
1580 1377 1848 1435 praefectum
1884 1387 2095 1427 annonae,

557 1440 732 1497 publice
770 1440 1078 1492 constitutum,
1117 1438 1307 1492 levetur,
1343 1437 1421 1493 Sp.
1452 1438 1655 1490 Maelius,
1670 1448 1831 1503 qeques
1861 1434 2002 1488 Rom„
2039 1447 2096 1477 ex

557 1498 772 1568 frumento
803 1500 1002 1554 coempto
1032 1497 1152 1554 plebi
1180 1497 1379 1554 largitur,
1416 1496 1496 1540 sed
1525 1496 1713 1539 ambitus
1744 1509 1770 1538 a
1800 1494 1997 1551 patribus
2029 1506 2095 1535 ar-

633 1559 717 1600 tur.

358 1615 460 1661 315-
507 1570 632 1660 00881.Π
653 1616 700 1659 Τ.
744 1612 904 1665 Quinct.
947 1614 1167 1670 Capitolia.
1193 1613 1276 1667 VI,
1315 1612 1518 1669 Aqrippa'
1548 1613 1763 1656 Menenius
1798 1610 1982 1662 Lanae.)
2043 1610 2093 1653 L.

561 1674 789 1728 Quinctius
823 1673 1109 1718 Cincinnatus
1142 1673 1329 1717 dictator
1358 1673 1402 1716 II
1433 1672 1607 1725 dicitur,
1640 1671 1702 1728 ad
1731 1683 1859 1726 quem
1890 1683 1990 1713 cum
2018 1669 2095 1725 Sp.

556 1733 738 1778 Maelius
778 1734 938 1777 citatus
976 1733 1125 1776 venire
1163 1732 1322 1786 nollet,
1361 1745 1388 1775 a
1422 1732 1467 1774 0.
1498 1728 1678 1774 Servilio
1707 1730 1852 1772 Ahala
1882 1741 1996 1785 mag.
2028 1741 2095 1783 eq.

555 1793 843 1895 lobtruncatus
874 1794 956 1836 est.
1017 1791 1068 1835 L.
1099 1791 1342 1845 Minucius,
1380 1790 1515 1847 praef.
1547 1802 1759 1842 annonae,
1791 1788 1963 1844 plebem
1995 1788 2095 1831 sub-

572 1853 684 1896 evat.

360 1910 447 1955 316
507 1911 593 1954 III
624 1911 777 1953 tribum*
813 1910 897 1952 mil.
929 1924 1036 1952 cons.
1069 1924 1116 1963 p.
1149 1907 1268 1960 (Liv.
1299 1907 1343 1961 4,
1380 1905 1475 1961 16).
1544 1906 1779 1950 Fidenates
1818 1918 1844 1948 a
1884 1905 2094 1948 societate

558 1969 682 2071 ἕξω.
724 1967 990 2070 Ξιὲὃῐιωτοω
1032 1966 1333 2021 Tolumnium,
1370 1966 1621 2013 Veientium
1658 1977 1828 2022 regem,
1874 1963 2094 2007 deficiunt.

613 2060 624 2072 .
656 2041 695 2071 a.
816 2058 827 2069 .

359 2085 446 2130 317
509 2086 610 2132 008.
639 2087 706 2130 ΔΙ.
743 2085 954 2141 Geganius
984 2084 1222 2128 Macerinus
1239 2084 1331 2138 III,
1361 2084 1417 2126 L.
1439 2083 1615 2139 Sergius
1631 2080 1855 2140 Fidenas.)
1888 2080 2095 2125 Veientes

557 2158 608 2189 ac
639 2145 874 2189 Fidenates
904 2143 1032 2186 Mam.
1061 2142 1276 2187 Aemilius
1308 2142 1496 2186 dictator
1533 2141 1614 2194 (L.
1652 2140 1880 2194 Quinctius
1921 2139 2094 2183 Cincin-

555 2207 685 2248 natus
714 2215 830 2260 mag.
861 2200 951 2258 eq.)
982 2201 1125 2245 dictus
1156 2201 1307 2255 vincit,
1337 2200 1659 2257 triumphatque
1692 2199 1754 2243 Id.
1789 2199 1910 2255 Sept.
1949 2231 1952 2233 >

358 2261 445 2307 318
506 2261 608 2306 008.
639 2263 704 2306 M.
730 2262 940 2305 Cornelius
958 2261 1276 2316 Maluyineusis,
1305 2260 1361 2303 L.
1382 2260 1583 2315 Papirius
1608 2257 1821 2310 Crassus.)
1884 2257 1960 2313 Sp.
1983 2257 2094 2299 Mae-

553 2322 640 2424 }i‘us
679 2321 801 2425 tgrb.3
818 2320 879 2423 ρὲ.
911 2318 960 2364 C.
986 2319 1227 2379 'Servilium
1257 2318 1314 2363 ad
1348 2318 1558 2376 populum
1597 2320 1789 2362 accusat.
1851 2315 1917 2361 cf.
1952 2316 2093 2360 Valer.

598 2394 668 2424 ax.
730 2413 742 2434 ,
804 2411 816 2433 ‚
878 2411 889 2422 .

359 2438 446 2483 319
508 2438 610 2484 008.
656 2439 701 2482 C.
742 2439 877 2482 Iulius
912 2437 1031 2481 Iulus
1067 2437 1141 2491 II,
1193 2437 1248 2480 L.
1296 2436 1514 2492 Verqinius
1557 2433 1806 2485 Tricostus.)
1883 2432 2091 2477 Veientes

553 2498 767 2542 Anienem
810 2500 1112 2553 transgressos
1155 2494 1205 2544 Q.
1243 2495 1447 2539 Servilius
1482 2495 1651 2538 Priscus
1685 2494 1880 2537 Str-uetus
1918 2493 2094 2535 dictator

557 2557 816 2610 (Postumus
853 2554 1068 2600 Aebutius
1107 2553 1218 2598 Elva
1256 2566 1371 2610 mag.
1410 2566 1434 2597 e
1467 2551 1504 2604 .)
1541 2552 1704 2606 fundit,
1743 2550 1932 2595 Fidenas
1972 2550 2091 2606 ipsas

555 2617 674 2673 capit
703 2618 748 2660 et
777 2614 944 2660 colonis
973 2613 1137 2666 missis,
1177 2612 1386 2656 Romanis
1417 2566 1629 2668 affiiungit.
1681 2609 1896 2655 Censores
1928 2609 1977 2652 O.
2007 2607 2092 2651 Fu-

553 2675 646 2719 rius
675 2674 851 2718 Pacilus
881 2673 1026 2718 Fusus
1056 2671 1112 2715 M.
1147 2670 1371 2728 Geganius
1402 2670 1646 2716 Macerinus
1679 2669 1809 2722 (lust.
1844 2667 1937 2718 12).

360 2731 449 2777 320
508 2732 575 2778 111
610 2733 710 2777 trib.
751 2732 840 2776 mil.
879 2743 1000 2775 cons.
1039 2732 1130 2787 pot.
1171 2729 1289 2781 (Liv.
1319 2729 1363 2784 4,
1394 2728 1451 2773 33
1483 2742 1540 2772 an
1569 2741 1660 2773 cos.
1693 2727 1854 2771 fuerint
1883 2725 2090 2774 dubitat.)

556 2790 652 2836 Lex
668 2790 869 2844 Aemilia,
910 2792 958 2834 ut
987 2804 1157 2832 cursura
1186 2803 1323 2832 annua
1353 2797 1392 2831 οε
1421 2789 1624 2831 sonuere-s
1654 2790 1786 2839 esset,
1826 2798 1937 2842 quae
1969 2784 2091 2840 quin-

587 2849 785 2894 uennalis
826 2848 988 2901 fuerat,
1028 2847 1082 2891 ab
1111 2847 1287 2891 Aemilio
1316 2847 1570 2908 Mamer-cino
1601 2848 1698 2890 dice.
1753 2845 1833 2899 (A.
1866 2843 2091 2888 Postumio

598 2908 750 2954 uberto
779 2920 891 2965 mag.
923 2905 1015 2963 eq.)
1044 2906 1271 2963 perfertur.

361 2966 444 3011 321
508 2967 592 3009 III
617 2969 710 3011 trib.
741 2968 825 3011 mil.
857 2982 962 3010 cons.
991 2974 1076 3021 pot.
1107 2964 1229 3018 (Liv.
1259 2964 1304 3019 4,
1334 2962 1392 3009 25
1403 2963 1436 3016 ).
1497 2962 1714 3008 Pestilens
1745 2974 1884 3005 annus
1916 2960 2026 3004 fuit„

361 3025 447 3069 322
508 3026 592 3068 III
617 3028 710 3071 uie.
741 3027 824 3070 mil.
856 3041 963 3070 cons.
991 3033 1076 3079 poe.
1108 3023 1227 3076 (Liv.
1256 3023 1301 3078 4,
1332 3021 1432 3076 25).

359 3083 446 3128 323
508 3083 608 3129 008.
645 3085 694 3129 Τ.
730 3083 889 3135 Ωυίηοε.
921 3084 1082 3127 Pennus
1117 3083 1313 3135 Gavium„
1347 3081 1393 3124 C.
1426 3081 1560 3124 Iulius
1588 3078 1768 3130 Μαιω.)
1819 3076 1929 3123 Cum
1948 3076 2089 3133 Aequi

558 3145 603 3187 et
633 3142 785 3188 Volsci
811 3143 974 3188 bellum
1003 3154 1171 3186 summa
1200 3154 1282 3197 ope
1314 3142 1531 3195 pararent,
1560 3139 1614 3180 A.
1636 3137 1868 3180 Postumius
1894 3137 2091 3179 neam

559 3203 738 3246 dictam
772 3201 848 3254 (L.
887 3201 1025 3245 Iulius
1064 3199 1184 3244 Iulus
1223 3211 1337 3254 mag.
1376 3195 1472 3254 eq.)
1503 3196 1682 3249 dicitur,
1720 3196 1786 3239 vir
1822 3194 2088 3239 severissimi

558 3259 744 3317 imperii,
780 3272 942 3316 eosque
972 3259 1019 3303 in
1047 3257 1207 3314 Algido
1237 3259 1404 3310 monte,
1442 3269 1470 3300 a
1496 3254 1667 3300 Latinis
1697 3254 1985 3309 Hernicisque
2015 3252 2089 3295 ad·

559 3319 693 3372 iutus,
723 3317 928 3364 devincit.
989 3317 1055 3360 Eo
1086 3316 1251 3373 proelio
1282 3327 1388 3372 opes
1419 3314 1588 3359 illarum
1620 3314 1813 3370 gentium
1844 3312 2006 3355 fractae
2028 3311 2087 3353 vi-

559 3376 728 3421 dentur.
776 3375 1004 3433 Templum
1023 3374 1240 3431 Apollinis
1262 3373 1500 3426 dedicatur,
1532 3372 1807 3429 pestilentiae
1828 3369 2087 3415 avertendae

558 3448 692 3480 causa
721 3437 882 3479 votum.
942 3433 994 3478 A.
1028 3432 1255 3477 Cornelius
1286 3435 1404 3489 pont.
1436 3445 1550 3476 max.

362 3492 448 3539 324
510 3493 610 3538 Cos.
647 3494 908 3550 &Papiria
941 3492 1124 3547 Crassus,
1156 3492 1212 3536 L.
1234 3491 1367 3536 Iulius
1385 3491 1541 3543 Iulus.)
1589 3489 1681 3533 Lex
1711 3488 1821 3532 Iulia
1850 3490 1893 3531 et
1916 3486 2088 3543 Papiria
