2392 4016
337 161 418 205 192
1106 157 1284 195 Annales
1316 157 1487 195 Romani

363 331 372 340 .
389 307 429 339 C.
501 315 536 337 u.
550 314 582 336 c.
648 304 735 343 imp.

334 318 358 349 p
819 359 902 402 que
922 343 1053 389 Asiae
1082 345 1359 388 vehementer
1389 345 1587 388 turbatur
1617 358 1695 402 per
1718 344 1899 397 Gothos,
1931 345 2166 402 Phrygiam
2196 346 2260 388 in-

817 405 1026 458 colentes,
1049 407 1092 447 et
1115 403 1312 457 Gainam,
1333 403 1546 460 perfidum
1557 403 1733 448 Arcadii
1753 405 2013 447 ministrum.
2059 404 2142 456 Qui
2164 418 2261 448 cum

819 465 865 508 in
897 477 948 507 eo
989 466 1126 516 esset,
1165 465 1215 506 ut
1253 464 1393 519 ipsam
1425 462 1849 520 Constantinopolim
1889 465 1980 507 suis
2023 465 2160 519 copiis
2193 477 2263 507 oc-

822 526 1019 580 cuparet,
1060 537 1085 565 a
1122 522 1248 578 plebe
1285 522 1532 578 repellitur,
1571 522 1709 566 hostis
1741 523 1980 575 iudicatur,
2013 536 2038 564 a
2073 524 2261 575 Fravito,

821 583 929 625 duce
951 582 1092 634 Rom„
1118 585 1238 624 trans
1260 581 1505 624 Danubium
1527 581 1680 624 cedere
1704 583 1888 638 cogitur,
1910 582 1984 625 ubi
2014 583 2066 624 ab
2091 582 2262 624 Ilunnis

822 641 1078 684 conciditur.
1139 640 1348 694 Arcadio,
1388 653 1608 696 nunquam
1637 653 1725 684 non
1754 653 1911 696 puero,
1953 641 2150 683 Eudoxia
2192 654 2266 696 po-

821 702 947 753 titur,
980 713 1089 756 quae
1123 700 1162 742 9.
1185 700 1276 742 Ian.
1307 699 1508 756 Augusta
1539 699 1755 756 appellata
1786 703 1890 742 erat.

881 760 1098 812 Alaricus,
1137 771 1272 802 novas
1311 759 1359 802 in
1389 759 1516 802 Italia
1547 762 1621 802 aut
1652 759 1778 802 sedes
1811 762 1885 802 aut
1922 758 2105 815 praedas
2139 771 2266 814 quae-

821 832 936 871 rens,
967 817 1212 874 Aquileiam
1242 831 1380 874 usque
1410 818 1621 874 procedit.

338 883 422 926 401
491 880 604 924 1154
697 879 722 922 7
787 877 888 921 Cos.
911 878 1142 921 Vincentio
1175 880 1219 920 et
1247 877 1424 920 Fravito
1454 877 1571 921 filius
1602 875 1791 920 Arcadio
1822 877 2035 928 nascitur,
2070 876 2267 919 Theodo·
2345 926 2350 931 ⁷

822 938 929 989 sius,
959 935 1097 992 April.
1132 936 1200 989 10,
1233 937 1308 992 qui
1336 937 1466 992 paulo
1497 939 1599 992 post
1630 935 1791 979 Caesar
1823 936 2076 992 appellatur.

338 1001 425 1044 402
490 997 603 1042 1155
696 996 723 1039 8
783 994 971 1037 Arcadio
1004 998 1047 1038 et
1075 995 1268 1038 Honorio
1298 993 1391 1037 AA.
1412 995 1454 1039 V
1484 1007 1575 1038 cos.
1607 1008 1719 1038 anno
1751 998 1936 1038 exeunte
1957 994 2158 1038 Alaricus
2190 995 2268 1037 ite-

823 1067 919 1096 rum
961 1054 1006 1096 in
1048 1053 1219 1096 Italiam
1256 1054 1410 1105 intrat,
1463 1053 1702 1096 Stilichone
1741 1056 1832 1096 tum
1870 1054 1980 1096 forte
2018 1055 2062 1096 in
2102 1054 2267 1096 Raetiis

823 1113 984 1155 bellum
1025 1114 1215 1168 gerente.
1285 1111 1531 1167 Diffugiunt
1566 1111 1765 1155 homines
1811 1113 1856 1154 in
1896 1113 2026 1155 urbes
2066 1113 2269 1165 munitas,

826 1172 990 1214 Romae
1037 1172 1150 1214 muri
1194 1173 1470 1227 reparantur:
1526 1170 1747 1214 Honorius
1793 1170 2026 1213 Ravennae
2071 1173 2118 1213 in
2164 1173 2269 1214 urbe

826 1232 936 1273 mari
956 1231 1091 1274 muris
1113 1230 1330 1285 fossisque
1352 1229 1648 1273 munitissima
1669 1229 1817 1273 sedem
1839 1230 2079 1272 constituit.
2132 1230 2270 1273 Theo-

827 1290 976 1334 dosius
1007 1290 1150 1333 iunior
1183 1289 1233 1333 11
1268 1290 1360 1332 Ian.
1391 1288 1583 1345 Augusti
1612 1289 1785 1332 nomine
1819 1291 2007 1331 ornatur.

342 1354 430 1398 403
495 1351 608 1395 1156
701 1351 726 1394 9
791 1349 892 1393 Cos.
925 1349 1173 1392 Theodosio
1204 1350 1318 1405 Aug.
1350 1351 1394 1391 et
1425 1348 1661 1391 Rumorido
1693 1348 1900 1401 Stilicho,
1938 1348 2111 1390 duabus·
2136 1347 2271 1390 victo·

825 1410 902 1452 riis
944 1409 1075 1464 (quas
1115 1408 1338 1464 praedicat
1381 1408 1634 1450 Claudianus
1670 1406 1823 1464 poeta)
1862 1407 1976 1462 apud
2012 1407 2270 1449 Pollentiam

831 1467 982 1521 (Mart.
1005 1467 1093 1519 29.)
1117 1471 1161 1510 et
1181 1468 1399 1511 Veronam
1420 1467 1666 1523 reportatis,
1697 1467 1867 1510 Italiam
1887 1467 2081 1522 periculo
2102 1466 2270 1518 liberat,

315 1561 317 1564 >
827 1527 1045 1582 efficitque
1076 1529 1124 1569 ut
1153 1526 1354 1570 Alaricus
1385 1527 1432 1568 in
1462 1526 1686 1581 Illyricum
1717 1528 1971 1568 revertatur.

344 1590 433 1633 404
497 1588 608 1632 1157
674 1588 729 1631 10
789 1587 956 1631 Sextum
978 1587 1225 1628 consulatum
1245 1586 1454 1628 Honorius
1485 1584 1683 1641 (collega
1701 1584 1978 1628 Aristaeneto
2000 1585 2046 1627 in
2069 1583 2270 1636 Oriente)

826 1646 990 1688 Romae
1021 1645 1126 1698 init,
1165 1645 1282 1700 quod
1313 1644 1578 1688 Claudianus
1618 1644 1716 1687 urbi
1754 1644 2016 1700 gratulatur,
2057 1643 2135 1686 sed
2171 1646 2273 1699 post

828 1705 939 1747 med.
973 1718 1132 1747 annum
1153 1704 1391 1746 Ravennam
1420 1703 1592 1758 repetit.
1646 1702 2026 1758 Constantinopoli
2054 1703 2117 1744 Io.
2148 1703 2273 1758 Chry-

830 1773 1025 1806 sostomus
1056 1764 1191 1818 episc.
1223 1776 1301 1818 per
1331 1761 1594 1814 Eudoxiam,
1634 1762 1758 1805 cuius
1790 1762 1896 1804 vitia
1925 1763 1971 1804 in
2003 1762 2272 1804 orationibus

832 1823 923 1866 suis
955 1822 1113 1865 acriter
1143 1821 1491 1878 reprehenderat,
1523 1819 1617 1871 (20.
1639 1819 1754 1873 Iun.)
1784 1821 1960 1876 pellitur
1990 1823 2033 1863 et
2055 1820 2274 1864 Cucusum

830 1883 876 1924 in
906 1882 1125 1924 radicibus
1149 1881 1283 1924 Tauri
1312 1880 1472 1923 montis
1502 1879 1722 1935 relegatur
1753 1878 1905 1932 (mort.
1927 1877 2064 1931 407)=
2099 1880 2274 1922 seditio-

833 1954 911 1984 nes
943 1943 987 1984 et
1016 1940 1219 1984 incendia
1247 1939 1379 1992 fiunt,
1418 1951 1558 1994 neque
1590 1939 1774 1982 victoria
1799 1939 1963 1981 mulier
1994 1938 2067 1981 diu
2104 1939 2274 1990 fruitur,

828 2001 909 2043 hoc
941 2001 1038 2056 ipso
1072 2013 1182 2042 anno
1217 1997 1276 2052 (6.
1299 1997 1412 2050 Oct.)
1443 2000 1627 2041 mortua.

345 2063 432 2107 405
498 2061 610 2106 1158
675 2061 725 2104 11
792 2059 892 2103 Cos.
916 2059 1220 2102 Stilichone'II
1252 2061 1294 2101 et
1313 2056 1544 2101 Anthemio
1578 2057 1649 2108 (P.
1671 2058 1720 2100 P.
1743 2055 1957 2107 Orientis>
1989 2057 2274 2111 Radaqaisus‚

827 2133 907 2162 rex
937 2119 1222 2174 complurium
1252 2118 1508 2174 populorum
1532 2115 1901 2168 Germanicorum,
1934 2116 2131 2158 Danubio
2153 2114 2274 2171 Alpi-

829 2179 998 2232 busque
1031 2177 1267 2233 superatis‚
1307 2178 1352 2219 in
1393 2176 1562 2218 Italiam
1592 2176 1779 2228 invadit,
1819 2175 2169 2230 Florentiamque
2202 2187 2276 2230 op-

830 2239 1008 2293 pugnat.
1073 2236 1434 2278 Circumvallatus
1466 2249 1492 2276 a
1524 2234 1763 2278 Stilichone
1794 2234 1840 2276 in
1871 2235 2091 2278 montibus
2113 2234 2276 2276 Faesu*

829 2297 941 2338 lanis
972 2295 1121 2351 inopia
1147 2295 1288 2337 victus
1319 2294 1414 2350 ipse
1448 2307 1547 2336 cum
1567 2306 1726 2349 magna
1755 2295 1877 2348 parte
1899 2294 2116 2336 exercitus
2148 2293 2275 2348 perit,

832 2355 967 2398 ceteri
1004 2355 1050 2397 in
1084 2353 1356 2397 Germaniam
1395 2352 1590 2395 redeunt.
1662 2353 1881 2395 Honorius
1922 2351 2011 2394 fere
2043 2352 2275 2394 Ravennae

831 2416 1043 2464 versatur,
1074 2412 1287 2456 Arcadius
1320 2411 1533 2467 Aucyrae.

347 2477 434 2521 406
499 2475 610 2519 1159
677 2473 729 2516 12
793 2471 894 2516 Cos.
917 2471 1129 2515 Arcadius
1160 2470 1212 2514 A.
1244 2471 1308 2515 VI
1339 2473 1383 2514 et
1402 2471 1584 2513 Anicius
1616 2470 1799 2522 Probus,
1830 2469 1962 2511 frater
1993 2480 2169 2521 eorum,
2202 2468 2276 2523 qui

834 2546 871 2575 a.
904 2531 990 2576 395
1023 2544 1112 2575 cos.
1145 2531 1330 2573 fuerunt.

346 2596 433 2639 407
500 2594 613 2637 1160
677 2591 730 2635 13
791 2590 917 2634 Anno
955 2592 1131 2633 ineunte
1181 2591 1273 2647 sive
1311 2589 1456 2646 potius
1480 2588 1605 2644 -prid.
1639 2587 1729 2631 Cal.
1762 2587 1852 2630 Ian.
1883 2587 2076 2629 Honorio
2108 2586 2192 2629 VII
2234 2589 2277 2628 et

833 2650 1079 2693 Theodosio
1112 2650 1155 2692 II
1184 2647 1277 2692 AA.
1310 2661 1400 2692 cos.
1442 2648 1738 2699 Vandalmum,
1782 2646 2005 2688 Alanorum
2038 2646 2277 2687 Suevorum-

833 2726 909 2764 que
941 2711 1157 2762 exercitus,
1191 2709 1342 2751 Rheno
1373 2707 1576 2760 traiecto,
1609 2708 1649 2748 in
1687 2706 1869 2749 Galliam
1899 2721 1941 2747 se
1974 2707 2171 2756 immittit,
2207 2717 2276 2747 se-

831 2771 1021 2824 quuntur
1058 2769 1387 2823 Buryundiones.
1456 2766 1732 2809 Provinciam
1779 2765 1892 2817 tueri
1937 2766 2117 2807 conatur
2147 2759 2278 2806 Cox-

834 2837 1148 2880 STAN'rmus,
1189 2827 1263 2882 qui
1301 2839 1357 2869 ex
1395 2826 1593 2882 gregario
1635 2824 1773 2867 milite
1818 2824 1863 2866 in
1901 2823 2127 2866 Britannia
2157 2824 2277 2876 impe-

832 2896 947 2929 rator
977 2897 1159 2939 creatus,
1190 2886 1310 2928 illico
1341 2886 1387 2928 in
1420 2884 1605 2928 Galliam
1636 2883 1932 2926 transiecerat.

349 2948 436 2992 408
501 2947 611 2990 1161
680 2945 733 2988 14
795 2945 896 2989 Cos.
927 2944 1084 2989 Anicio
1127 2945 1351 2988 Auchenio
1389 2944 1531 2987 Basso
1580 2945 1624 2985 et
1667 2942 1868 2997 Philippo
1910 2939 2112 2984 Calendis
2152 2938 2276 2980 Maiis

672 3006 731 3011 —
832 3004 1211 3060 Constantinopoli
1240 3003 1468 3055 Arcadius,
1500 3002 1571 3046 31.
1604 3002 1759 3044 aetatis
1791 3012 1902 3042 anno
1935 3000 2135 3050 moritur3
2179 3010 2276 3040 suc-

833 3064 949 3107 cedit
984 3063 1385 3106 THEODOSIUS
1414 3059 1538 3114 11*),
1574 3073 1682 3116 puer
1712 3060 1738 3102 7
1771 3071 2003 3110 annorum,
2045 3058 2168 3100 cuius
2200 3068 2275 3098 no-

466 3180 513 3232 *)
546 3181 648 3220 Cum
678 3195 750 3232 per
780 3187 907 3221 totam
938 3185 1043 3221 hanc
1065 3181 1277 3231 periodum
1309 3181 1388 3218 duo
1411 3191 1567 3229 semper
1588 3181 1866 3228 imperatores,
1902 3177 2004 3215 alter
2033 3176 2075 3213 in
2100 3173 2276 3221 Oriente,

351 3242 453 3280 alter
482 3243 525 3280 in
558 3241 779 3281 Occidente
810 3243 910 3290 sint,
945 3244 1152 3290 utriusque
1183 3241 1342 3289 imperii
1374 3251 1500 3278 annos
1532 3240 1590 3276 ita
1619 3239 1872 3282 notavimus,
1918 3240 1965 3274 ut
1994 3235 2176 3283 superior
2204 3245 2280 3271 nu-

350 3313 482 3339 merus
513 3302 566 3338 ad.
596 3302 809 3350 imperium
841 3301 1124 3348 Occidentale,
1165 3301 1333 3338 inferior
1371 3300 1424 3337 ad
1455 3297 1662 3337 Orientale
1693 3297 1907 3346 pertineat.
1969 3294 2080 3331 Idem
2111 3294 2278 3331 fortasse

351 3362 431 3398 iam
464 3372 583 3408 supra
613 3361 697 3401 fieri
730 3362 915 3398 debuisse
937 3360 1060 3398 alicui
1090 3359 1304 3406 videbitur,
1340 3371 1391 3396 ex
1424 3370 1502 3406 quo
1523 3361 1704 3406 tempore
1731 3368 1803 3405 per
1822 3352 2115 3392 Diocletianum
2144 3352 2280 3400 plures

351 3421 471 3458 simul
502 3421 767 3467 imperatores
799 3431 883 3457 esse
916 3423 1152 3467 coeperunt:
1189 3418 1259 3456 sed
1281 3418 1340 3455 ibi
1362 3419 1462 3455 haec
1493 3429 1567 3454 nos
1599 3427 1720 3454 causa
1750 3415 1890 3460 movit,
1923 3424 1974 3450 ne
2006 3412 2056 3449 ab
2090 3411 2274 3448 instituta

350 3480 506 3517 ratione
529 3479 836 3526 discederemus,
871 3479 980 3526 quod
1000 3482 1072 3516 aut
1098 3490 1202 3515 unus
1224 3478 1467 3515 auctoritate
1489 3487 1607 3524 super
1628 3479 1782 3513 ceteros
1803 3471 2120 3517 excellebat,aut
2149 3469 2276 3515 impe-

350 3539 455 3576 rium
484 3541 578 3586 post
607 3538 766 3588 aliquot
795 3548 990 3576 annorum
1021 3536 1283 3575 intervallum
1314 3548 1450 3575 rursus
1479 3535 1555 3574 sub
1586 3546 1667 3573 uno
1700 3534 1883 3583 principe
1913 3530 2170 3569 coniunctum
2203 3530 2276 3564 est.
