2392 4016
889 224 1132 266 Macedoni·
1160 230 1203 265 et
1231 224 1415 266 Graecia.

246 389 400 464 manos
439 420 628 464 adiuvat.
705 419 918 464 Redditur
955 420 997 463 ei
1016 435 1017 438 ¹
1035 418 1283 463 Demetrius
1322 417 1462 471 filius,
1509 419 1584 475 qui
1624 419 1787 463 Romae

188 480 377 583 Aciltitsigs
397 478 645 583 ἒέἓῖαέοω.
679 537 800 581 socio
841 550 945 582 usus
987 537 1187 640 Philigpo
1218 534 1481 580 Antiochum
1521 534 1787 593 Aetolosque

249 598 304 641 ad
335 596 651 700 sihermopylas
693 596 850 650 vincit,
891 600 937 641 et
973 596 1050 641 illo
1131 596 1277 641 raecia
1314 596 1498 653 expulso
1530 595 1786 639 Heracleam

250 670 348 714 capi
1249 672 1251 674 ’

108 719 110 721 ’
191 715 449 774 Amphissae
480 714 720 772 oppugnati
740 713 886 758 Aetoli
915 714 1106 759 indutias
1138 727 1164 757 a
1193 714 1399 771 Scipione
1429 726 1518 757 cos.
1556 713 1792 770 impetrant

190 774 356 828 Quibus
394 773 643 832 praeteritis
690 786 772 817 nec
819 785 929 831 pace
969 774 1214 830 composita
1249 773 1304 816 M.
1337 773 1518 817 Fulvius
1557 785 1648 816 cos.
1689 773 1790 816 Am-

249 833 439 878 braciam
470 835 714 889 expugnat,
753 846 840 890 pax
869 831 1039 876 Aetolis
1069 832 1320 890 petentibus
1353 832 1501 885 datur,
1541 844 1628 888 qua
1657 832 1788 875 maie·

250 894 407 937 statem
436 891 589 950 populi
619 891 744 936 Rom.
778 904 1017 949 agnoscere
1048 894 1265 945 tenentur,
1299 891 1581 949 Cephallenia
1610 891 1790 948 punitur

190 952 412 1010 Spartam,
462 964 561 995 cum
600 951 655 995 ab
692 949 966 995 Achaeorum
1004 950 1178 995 foedere
1217 951 1455 1005 descisset,
1502 951 1790 1006 Philopoemen

248 1005 504 1070 στρατηγὸς
534 1010 654 1068 capit
682 1011 905 1067 murisque
944 1011 1107 1067 privat,
1149 1013 1194 1055 et
1222 1011 1414 1054 reductis
1447 1010 1650 1054 exulibus
1682 1010 1790 1053 mul·
1870 1017 1879 1024 ·

246 1071 391 1127 tisque
423 1070 521 1114 aliis
553 1070 714 1114 occisis
748 1069 1023 1127 disciplinam
1054 1070 1249 1127 Lycurgi
1278 1070 1394 1114 tollit

190 1130 253 1173 De
275 1130 552 1174 restitutione
574 1129 764 1173 civitatis
793 1130 907 1173 inter
936 1142 1028 1173 sen.
1051 1129 1176 1173 Rom.
1199 1133 1243 1174 et
1267 1129 1499 1174 concilium
1517 1128 1789 1173 Achaeorum

250 1190 396 1246 agitur
423 1202 502 1247 per
532 1188 702 1245 legatos
733 1189 817 1232 huc
848 1189 953 1233 illuc
984 1190 1160 1232 missos.

191 1248 372 1294 Interim
402 1248 611 1293 Messenii
641 1247 849 1292 deficiunt
878 1250 932 1292 ab
965 1248 1237 1293 Achaeorum
1267 1249 1457 1302 foedere,
1490 1249 1789 1306 Philopoeme-

251 1322 349 1353 nem
381 1311 556 1366 captum
587 1308 846 1353 Dinocrates
876 1312 1089 1366 tyrannus
1122 1312 1262 1363 necat,
1307 1309 1366 1354 70
1397 1322 1534 1353 annos
1565 1313 1715 1352 natum
1747 1312 1792 1353 et

248 1371 342 1412 tum
381 1371 582 1412 octavum
618 1371 824 1426 praetura
859 1369 1131 1427 fungentem:
1174 1369 1254 1414 sed
1290 1369 1386 1413 eius
1428 1381 1546 1412 mors
1585 1370 1674 1413 cito
1712 1383 1791 1426 per

250 1429 469 1485 Lycortam
503 1441 803 1472 successorem
837 1429 1095 1482 vindicatur,
1128 1430 1327 1473 Messene
1358 1429 1589 1485 recipitur:
1622 1429 1667 1471 in
1689 1442 1790 1473 exe-

250 1487 364 1544 quiis
396 1487 747 1544 Philopoemenis
779 1502 932 1532 urnam
962 1488 1048 1532 fert
1077 1489 1287 1546 Polybius,
1322 1488 1539 1545 Lycortae
1569 1487 1686 1532 filius

192 1546 505 1591 Contentiones
537 1546 590 1590 de
613 1547 841 1604 Spartanis
873 1548 1074 1592 exulibus
1106 1549 1220 1592 inter
1241 1551 1440 1593 senatum
1461 1548 1586 1591 Rom.
1618 1550 1663 1591 et
1690 1560 1791 1591 con-

250 1605 399 1649 cilium
429 1605 702 1650 Achaeorum
731 1609 975 1651 tractantur
1337 1615 1339 1617 ’
1661 1647 1666 1651 .

191 1664 448 1710 Callicrates
480 1659 735 1724 στρατηγὸς
763 1664 873 1711 Ach.
905 1668 1031 1711 iussu
1069 1670 1248 1712 senatus
1286 1667 1439 1712 exules
1471 1667 1710 1725 Spartanos
1749 1670 1795 1711 et

249 1724 490 1768 Messenios
520 1725 690 1770 reducit

190 1783 434 1841 Philippus,
464 1787 750 1842 posteaquam
770 1785 1040 1829 Demetrium
1070 1785 1223 1839 filium,
1254 1786 1464 1829 Romanis
1495 1785 1794 1843 imprudenter

249 1842 482 1897 faventem,
515 1845 732 1889 excitatus
755 1859 781 1887 a
802 1845 978 1898 Perseo,
1011 1845 1148 1889 altero
1168 1844 1274 1898 filio,
1296 1844 1589 1898 interfecerat,
1611 1846 1794 1889 moritur

192 1903 389 1963 Perseus,
428 1916 508 1947 rex
537 1903 704 1958 factus,
743 1904 907 1948 bellum
930 1907 1100 1959 ,contra
1138 1904 1358 1948 Romanos
1399 1904 1511 1948 clam
1549 1907 1792 1962 praeparat.

251 1960 409 2018 Legati
435 1962 522 2006 huc
552 1963 658 2007 illuc
690 1967 796 2007 eunt

190 2021 361 2064 Bellum
401 2024 554 2066 contra
590 2023 756 2067 Persen
803 2023 899 2079 geri
949 2025 1153 2080 coeptum
1201 2037 1227 2066 a
1267 2034 1357 2067 cos.
1397 2022 1568 2067 Licinio
1618 2023 1793 2076 Crasso,

252 2080 323 2124 26.
356 2093 468 2125 anno
499 2085 602 2139 post
630 2095 784 2140 pacem
816 2095 915 2126 cum
946 2082 1147 2140 Philippo
1178 2082 1338 2126 factam

191 2141 378 2184 Perseus
408 2153 488 2198 per
515 2143 605 2185 tres
637 2155 775 2186 annos
806 2141 970 2185 bellum
1002 2154 1100 2185 cum
1121 2141 1247 2185 Rom.
1280 2140 1465 2186 ducibus
1499 2141 1673 2190 Crasso,
1704 2142 1793 2185 Ho-

251 2199 384 2253 stilio,
415 2198 575 2244 Marcio
607 2201 715 2246 satis
745 2200 934 2245 feliciter
965 2201 1092 2258 gerit,
1125 2201 1204 2245 sed
1234 2201 1431 2245 victoriis
1462 2201 1528 2245 uti
1557 2202 1713 2245 nescit.

192 2258 312 2304 Idem
343 2261 542 2316 paratum
563 2259 811 2317 Illyriorum
843 2262 887 2304 et
907 2260 1218 2304 Bastarnarum
1251 2260 1462 2304 auxilium
1495 2263 1540 2304 et
1568 2261 1687 2318 regis
1706 2261 1795 2305 Eu-

249 2318 390 2362 menis
424 2319 693 2373 societatem,
725 2320 939 2377 pecuniae
971 2322 1119 2373 tenax,
1150 2319 1349 2376 negligit.

193 2377 343 2435 Itaque
386 2378 440 2421 ab
471 2378 647 2423 Aemilio
681 2380 831 2424 Paullo
874 2379 929 2423 ad
959 2379 1157 2436 Pydnam
1198 2379 1443 2423 devincitur
1483 2381 1527 2423 et
1564 2379 1610 2423 in
1643 2379 1795 2423 Samo-

251 2437 400 2540 tAhlrbace
431 2437 581 2540 insistal
606 2439 777 2496 capitur
807 2437 896 2492 (22.
914 2438 1017 2482 Jun.
1040 2438 1139 2482 vid.
1164 2437 1297 2483 Clint.
1317 2437 1472 2490 Fast.).
1506 2438 1797 2483 Consenescit

340 2510 390 2540 ae
420 2497 466 2540 in
520 2499 566 2540 ta
582 2497 626 2541 ia

191 2555 460 2659 Macedonia>
476 2569 502 2600 a
521 2556 731 2602 Romanis
762 2558 809 2602 in
841 2559 1046 2614 quattuor
1077 2556 1281 2614 regiones
1303 2555 1525 2610 dividitur,
1558 2556 1637 2600 sed
1658 2556 1796 2600 libera

256 2627 355 2659 esse
386 2615 432 2658 iu
463 2618 573 2659 etur.

193 2671 465 2718 Achaeorum
484 2675 706 2732 principes
729 2674 818 2718 fere
848 2674 967 2718 mille
988 2674 1172 2717 Romam
1194 2676 1445 2726 evocantur,
1477 2674 1672 2718 accusati
1695 2686 1796 2717 con·

254 2733 504 2835 spgatiopiig
544 2733 640 2777 adv.
671 2733 892 2835 Ittoffianos
935 2745 1034 2835 eliam
1066 2733 1198 2776 Perse
1239 2731 1394 2835 ipit-taet
1421 2744 1508 2776 non
1548 2732 1795 2787 audiuntur,

255 2804 301 2835 se
363 2805 409 2835 m
502 2803 577 2835 era
606 2804 683 2835 cus
706 2804 730 2835 o
781 2805 806 2834 a
866 2804 914 2835 er
1034 2803 1171 2835 annos
1203 2804 1249 2834 re
1290 2804 1374 2834 nen
1397 2804 1459 2834 ur.

195 2850 453 2904 Andriscus,
486 2851 637 2895 Persei
667 2849 805 2894 filium
835 2804 885 2894 {e
916 2849 1076 2903 ferens,
1110 2863 1135 2893 a
1156 2850 1399 2894 Thracibus
1433 2850 1608 2895 adiutus
1640 2851 1685 2894 in
1708 2851 1795 2894 Ma-

252 2909 479 2954 cedoniam
508 2909 644 2964 redit,
688 2911 733 2953 et
762 2909 1007 2953 Iuventium
1038 2911 1280 2967 praetorem
1311 2910 1357 2953 in
1387 2923 1536 2967 pugna
1565 2910 1710 2953 caedit

196 2967 284 3012 Sed
315 2982 340 3011 a
377 2968 425 3018 Q.
449 2969 618 3012 Metello
647 2967 919 3027 profligatus,
952 2982 978 3012 a
1009 2967 1266 3023 Thracibus,
1299 2968 1354 3013 ad
1385 2981 1495 3025 quos
1527 2969 1817 3026 confugerat,'

253 3027 438 3071 traditur

198 3086 331 3130 Paulo
363 3089 465 3143 post
497 3085 758 3140 Alexander,
791 3087 895 3130 item
929 3086 1158 3131 simulatus
1189 3086 1342 3131 Persei
1372 3085 1488 3129 filius
1521 3086 1685 3138 existit,
1718 3086 1796 3130 sed

255 3145 383 3189 facile
415 3145 641 3202 dissipatis
672 3145 933 3200 rebellibus,
972 3145 1228 3190 Macedonia
1258 3146 1303 3189 in
1334 3145 1584 3203 provinciae
1616 3144 1795 3189 formam

255 3204 349 3247 redi
381 3204 468 3247 itur
707 3235 711 3239 -

198 3217 489 3307 Atheniffinses
523 3263 700 3319 propter
729 3261 921 3321 Oropum
952 3265 1167 3307 vastatam
1199 3261 1289 3307 500
1318 3262 1495 3306 talentis
1536 3262 1706 3306 multati
1738 3262 1798 3306 le-

257 3323 382 3378 gatos
412 3321 591 3365 mittunt
621 3321 817 3375 Romam,
859 3322 1100 3379 Diogenem
1134 3322 1346 3375 Stoicum,
1387 3320 1654 3367 Carneadem
1688 3321 1797 3365 Aca-

259 3380 488 3434 demicum,
522 3379 760 3424 Critolaum
794 3380 1130 3439 Peripateticum

198 3439 266 3483 Ex
296 3439 376 3483 hac
410 3452 543 3483 causa
604 3442 673 3483 ost
703 3439 846 3484 varias
878 3440 1181 3484 contentiones
1213 3439 1408 3484 nascitur
1437 3438 1598 3483 bellum
1623 3439 1799 3495 Sparta·

258 3511 411 3543 norum
444 3511 543 3543 cum
606 3499 767 3553 chaeis,
801 3502 979 3544 senatus
1001 3499 1234 3561 ¹Romanus
1267 3511 1394 3544 suum
1425 3498 1634 3544 iudicium
1666 3499 1798 3542 inter·

257 3558 393 3618 ponit.

2063 226 2118 270 41

1809 373 1933 408 mehr.
1975 373 2122 416 olymp.

1843 657 1922 700 191
1992 658 2074 701 147
2100 656 2120 710 a}

1844 716 1929 760 190

1844 891 1927 936 189
1991 893 2075 936 147
2097 894 2124 936 4

1842 1069 1926 1114 188
1992 1070 2074 1115 147
2095 1071 2123 1115 4

1845 1491 1929 1536 183
1995 1492 2078 1535 149
2101 1492 2126 1535 2

1847 1611 1927 1655 181

1849 1729 1932 1773 177

1846 1847 1930 1892 179
1996 1846 2082 1893 150
2102 1848 2128 1892 2

1849 1966 1934 2010 174

1848 2085 1929 2129 171

1850 2496 1934 2541 168
1999 2496 2083 2540 152
2105 2498 2132 2539 4

1852 2673 1934 2716 167
2000 2673 2083 2717 153
2106 2673 2132 2717 Ε.)

1852 2909 1935 2953 149
2002 2908 2083 2953 157
2105 2910 2133 2954 4

1852 3025 1935 3071 148
2001 3026 2084 3069 158
2111 3026 2126 3068 l

1851 3204 1933 3247 147
2000 3203 2084 3247 158
2106 3203 2132 3246 2

1853 3379 1936 3423 155
