2392 4016
386 198 442 250 84
1166 204 1345 244 Annales
1376 203 1547 244 Romani

389 355 516 386 ¹³·0'¹¹'‘
588 361 677 414 =¹¹'⁰‘
779 394 904 438 Philo
926 393 1027 439 dict.
1061 394 1231 448 dieitur,
1262 394 1319 438 M.
1341 394 1580 451 Pomponio
1602 393 1803 437 Mathone
1836 406 1947 450 mag·
1980 406 2062 449 eq..
2094 393 2168 450 qui
2198 397 2316 450 1³0⁵*-

781 464 910 511 quam
939 455 1045 498 vitio
1076 454 1181 496 facti
1213 453 1481 506 abdicarunt,
1513 454 1754 510 interreges
1789 453 1922 496 creati
1956 456 2069 495 sunt.

416 515 501 557 216
583 512 672 559 538
733 512 832 557 Cos.
856 513 1131 556 &Terentius
1142 513 1286 566 Varro,
1318 513 1372 555 L.
1395 513 1595 554 Aemilius
1615 511 1789 554 Paullus
1808 511 1867 553 II
1892 512 2016 554 ambo
2038 511 2199 554 bellum
2221 511 2315 554 adv.

780 572 920 615 Hann.
951 573 998 615 in
1029 572 1188 628 Apulia
1219 574 1376 628 gerunt
1406 570 1432 615 8
1465 571 1710 627 legionibus
1740 570 1865 614 Rom.
1898 574 1941 613 et
1975 571 2192 613 sociorum
2224 572 2316 627 pari

779 643 971 674 numero.
1049 631 1122 686 Fit
1160 643 1307 687 pugna
1345 643 1383 673 a.
1423 629 1462 672 d.
1502 630 1566 673 IV
1605 629 1717 673 Non.
1759 629 1861 673 Sex.
1902 629 1961 670 ad
2002 629 2187 682 Cannas,
2234 641 2318 684 qua

734 735 736 737 ,
779 690 902 733 Rom.
943 690 1006 732 ita
1041 690 1293 743 vincuntur,
1335 692 1385 732 ut
1421 689 1551 745 pauci
1579 687 1684 745 fuga
1723 687 1909 744 dispersi
1949 688 2183 730 evaderent
2220 701 2316 731 cum

781 748 831 792 C.
865 748 1092 801 Terentio,
1136 747 1271 791 multo
1303 748 1440 791 maior
1468 760 1569 804 pars
1604 760 1702 790 cum
1733 747 1868 790 altero
1900 759 1989 789 cos.
2033 750 2075 789 et
2108 745 2185 789 Cn.
2220 746 2317 790 Ser-

780 808 883 851 vilio
924 820 1095 864 procos.
1137 810 1180 850 et
1219 807 1274 850 M.
1314 807 1503 850 Minucio
1543 806 1806 849 caederetur.
1887 805 2092 861 Sequitur
2132 805 2316 848 defectio

777 866 912 909 totius
951 866 1040 909 fere
1078 866 1230 908 Italiae
1280 865 1498 908 inferioris
1544 865 1965 932 Campanorumque,
2016 866 2059 906 et
2097 863 2317 919 aliquanto
2370 901 2375 905 .

778 928 879 980 post
910 925 1056 968 clades
1088 924 1138 967 L.
1170 925 1385 967 Postumii
1415 924 1563 967 Albini
1603 936 1693 968 cos.
1726 923 1894 978 design.
1926 924 1971 965 in
2005 922 2158 966 Gallia.
2233 923 2316 965 Ro-

779 996 873 1025 mae
913 996 939 1025 a
979 985 1176 1026 dictatore
1205 982 1269 1025 M.
1301 983 1421 1025 Iunio
1452 983 1564 1025 Pera
1595 983 1675 1035 (m.
1708 995 1774 1037 eq.
1807 982 1874 1025 Ti.
1917 981 2140 1036 Sempron.
2186 980 2317 1024 Grac-

781 1041 902 1092 chus,
941 1042 1016 1095 qui
1044 1041 1160 1084 idem
1191 1041 1284 1083 aed.
1317 1054 1406 1084 cur.
1439 1038 1560 1092 erat)
1599 1041 1628 1084 4
1659 1054 1795 1084 novae
1835 1041 1951 1097 legg.
1985 1040 2318 1083 conscribuntur

781 1102 825 1141 et
855 1098 973 1142 8000
1005 1100 1120 1142 servi
1149 1099 1327 1142 volones
1361 1102 1632 1142 sacramento
1666 1100 1911 1155 adiguntur.
1964 1099 2251 1142 Hannibalem
2272 1100 2316 1141 in

780 1157 1016 1214 Campania
1061 1160 1282 1200 morantur
1329 1159 1373 1200 et
1411 1157 1596 1200 dictator
1642 1159 1686 1200 et
1730 1157 1786 1199 M.
1827 1156 2034 1200 Claudius
2073 1157 2316 1210 Marcellus,

783 1221 967 1273 praetor
988 1217 1044 1269 II,
1076 1215 1212 1259 Nolae
1244 1215 1522 1272 praesidens,
1563 1215 1712 1259 donec
1732 1215 1807 1258 ille
1841 1214 2033 1271 Capuam
2062 1217 2108 1258 in
2138 1217 2318 1259 hiberna

782 1276 996 1319 concedit.
1044 1276 1107 1318 M.
1131 1277 1288 1317 Fabius
1317 1275 1454 1317 Buteo
1486 1276 1611 1318 iussu
1643 1277 1820 1318 senatus
1853 1287 1878 1316 a
1907 1275 1963 1316 M.
1988 1275 2193 1318 Terentio
2226 1288 2315 1318 cos.

781 1335 967 1378 dictator
997 1335 1156 1377 dicitur
1187 1335 1281 1377 sine
1312 1347 1425 1390 mag.
1459 1347 1525 1390 eq.
1559 1335 1736 1377 senatus
1769 1333 1972 1389 explendi
2005 1347 2150 1376 causa.

722 1444 726 1452 ⁴
837 1393 1000 1436 Romae
1031 1396 1210 1450 propter
1249 1394 1474 1449 penuriam
1514 1393 1683 1449 argenti
1713 1393 1938 1449 rogatione
1969 1392 2024 1434 M.
2056 1393 2234 1435 Minucii
2263 1396 2315 1435 tr.

780 1453 839 1509 pl.
879 1453 1028 1495 Illviri
1058 1453 1264 1496 mensarii
1293 1452 1412 1495 facti.
1472 1451 1665 1508 Legatus
1705 1451 1898 1507 Delphos
1936 1451 2122 1493 mittitur
2153 1451 2203 1503 Q.
2235 1452 2316 1493 Fa-

780 1512 879 1555 bius
911 1512 1071 1564 Pictor,
1110 1525 1253 1554 rerum
1287 1512 1507 1567 scriptor.¹
1551 1511 1672 1553 Duae
1705 1511 1898 1567 virgines
1921 1510 2122 1553 Vestales
2155 1511 2208 1553 ob
2240 1524 2317 1566 pu-

781 1570 975 1613 dicitiam
1006 1571 1169 1613 laesam
1201 1570 1564 1613 condemnantur:
1607 1583 1694 1612 una
1725 1570 1810 1612 sibi
1839 1569 1937 1625 ipsa
1968 1571 2148 1611 mortem
2179 1569 2315 1622 affert,

779 1630 915 1672 altera
944 1630 1043 1671 viva
1075 1629 1295 1685 sepelitur.
1359 1629 1591 1685 Syracusis
1624 1628 1804 1671 moritur
1833 1641 1912 1670 rex
1942 1627 2088 1670 Hiero.

416 1690 501 1734 ‘215
583 1689 670 1733 539
733 1687 833 1731 Cos.
871 1689 934 1730 Ti.
957 1688 1218 1742 Sempronius
1245 1688 1467 1740 Gracchus,
1505 1687 1553 1736 Q.
1576 1689 1735 1729 Fabius
1764 1687 1940 1728 Maxim.
1968 1687 2177 1728 Verrucos.
2199 1686 2315 1737 III.)

779 1747 943 1789 Romae
974 1747 1019 1788 in
1051 1748 1238 1789 comitiis
1278 1747 1353 1789 uni
1385 1747 1554 1790 consuli
1593 1747 1639 1788 in
1678 1746 1823 1788 locum
1854 1745 1903 1787 L.
1934 1745 2149 1788 Postumii
2181 1746 2316 1788 occisi

783 1805 1058 1861 subrogando
1096 1805 1256 1848 habitis
1294 1806 1348 1847 M.
1390 1805 1619 1848 Marcellus
1651 1804 1695 1847 II
1734 1807 1905 1861 creatus
1947 1806 2058 1856 erat,
2100 1804 2178 1847 sed
2218 1806 2316 1858 quia

781 1874 859 1906 tum
884 1866 1056 1918 primum
1096 1866 1211 1906 ambo
1246 1877 1330 1906 cos.
1360 1865 1512 1918 plebeii
1527 1865 1674 1918 futuri
1691 1865 1896 1917 fuissent,
1936 1864 2062 1918 quasi
2091 1863 2315 1919 religionis

779 1936 914 1966 causa
946 1923 1132 1966 comitia>
1151 1923 1514 1980 redintegrantur,
1548 1925 1592 1964 et
1623 1920 1840 1965 sufficitur
1873 1920 1921 1974 Q.
1954 1922 2130 1964 Fabius.

841 1982 1000 2025 Tribus
1035 1982 1298 2025 exercitibus
1332 1994 1421 2025 cos.
1455 1984 1498 2024 et
1528 1981 1837 2023 M.·Marcellus
1869 1984 2103 2036 prorogato
2134 1981 2314 2036 imperio

779 2054 858 2097 pro
892 2054 981 2084 cos.
1022 2040 1067 2083 in
1102 2040 1337 2096 Campania
1367 2040 1623 2083 Hannibalis
1667 2042 1866 2083 conatus
1881 2039 2142 2095 impediunt,
2184 2041 2314 2082 immo

782 2101 910 2143 etiam
942 2100 996 2142 M.
1018 2100 1147 2142 Marc.
1179 2101 1344 2156 primus
1375 2111 1582 2155 prospere
1614 2111 1711 2141 cum
1744 2099 1896 2141 eodem
1929 2098 1983 2140 ad
2014 2098 2170 2141 Nolam
2200 2099 2315 2141 iusto

779 2159 944 2215 proelio
978 2158 1196 2213 confligit:
1228 2159 1328 2201 inde
1360 2159 1501 2201 Hann.
1533 2158 1579 2200 in
1601 2157 1803 2213 Apuliam
1834 2158 2069 2200 hiematum
2102 2157 2315 2210 concedit,

692 2258 708 2276 ⁸
781 2230 865 2273 quo
897 2217 1047 2260 eodem
1072 2220 1272 2272 tempore
1304 2217 1434 2259 Locri
1473 2219 1517 2258 et
1549 2216 1678 2259 Croto
1709 2217 1756 2259 in
1786 2218 2050 2272 potestatem
2080 2216 2213 2259 Poen.
2245 2229 2316 2259 ve-

778 2277 916 2319 niunt.
967 2275 1168 2319 Sardinia
1198 2289 1223 2317 a
1256 2276 1306 2318 T.
1339 2276 1511 2327 Manlio,
1544 2275 1618 2330 qui
1647 2275 1716 2317 bis
1750 2287 1840 2318 cos.
1872 2274 2025 2326 fuerat,
2057 2277 2160 2318 tunc
2194 2277 2317 2317 extra

781 2335 973 2377 ordinem
1004 2336 1050 2377 in
1080 2335 1223 2381 locum
1247 2333 1295 2386 Q.
1318 2335 1451 2378 Mucii
1471 2332 1708 2377 ScaevOlae
1739 2334 2006 2390 aegrotantis
2029 2335 2163 2376 misso
2186 2335 2315 2377 victis

780 2394 939 2437 Poenis
971 2393 1260 2448 perdomatur‚
1292 2394 1398 2436 item
1427 2393 1474 2435 in
1489 2393 1715 2450 Hispania
1744 2404 1816 2436 res
1849 2406 1874 2434 a
1907 2393 2185 2447 Scipionibus
2219 2405 2316 2448 pro-

783 2466 907 2509 spere
948 2454 1168 2508 geruntur.
1233 2451 1376 2495 Gallia
1416 2453 1458 2494 h.
1490 2466 1527 2494 a.
1561 2453 1736 2494 omissa.
1805 2452 1938 2507 Resp.
1972 2452 2095 2494 Rom.
2129 2452 2316 2510 privato-

779 2524 875 2554 rum
908 2511 1061 2567 opibus
1095 2512 1348 2554 sustinetur.
1372 2534 1428 2540 —
1461 2511 1550 2554 Sed
1579 2511 1625 2553 in
1648 2510 1834 2553 Graecia
1854 2511 2076 2564 Philippus
2107 2524 2184 2553 rex
2216 2524 2315 2553 cum

778 2570 1022 2613 Hannibale
1060 2569 1213 2613 foedus
1253 2569 1378 2623 facit,
1420 2573 1463 2613 et
1503 2570 1735 2625 Syracusis
1775 2569 2061 2624 Hieronymus,
2110 2570 2313 2612 Hieronis

779 2642 931 2685 nepos,
962 2643 1041 2671 rex
1071 2629 1213 2672 factus
1247 2627 1392 2672 statim
1424 2629 1614 2671 animum
1636 2628 1690 2670 ad
1713 2629 1888 2671 easdem
1908 2631 2055 2684 partes
2081 2629 2284 2684 applicat.

837 2688 932 2730 Lex
964 2688 1103 2744 Oppia
1134 2687 1180 2731 C.
1217 2688 1346 2744 Oppii
1373 2689 1426 2730 tr.
1459 2688 1517 2743 pl.
1551 2688 1603 2730 de
1633 2687 1810 2730 luxuria·
1835 2687 2077 2729 mulierum.

416 2747 502 2791 214
584 2746 672 2791 540
733 2745 833 2789 Cos.
880 2747 929 2795 Q.
970 2748 1125 2788 Fabius
1165 2747 1285 2789 Max.
1322 2747 1487 2789 Verruc.
1515 2747 1600 2799 IV,
1646 2747 1711 2789 Μ
1743 2746 1945 2788 Claudius
1974 2747 2203 2787 Marcellus
2239 2746 2322 2787 III

783 2804 900 2856 (Liv.
923 2804 994 2857 24,
1026 2805 1094 2857 8),
1125 2806 1170 2847 in
1203 2805 1439 2861 Campania
1463 2805 1704 2848 Casilinum
1735 2807 1990 2861 expugnant
2019 2807 2062 2847 et
2094 2804 2313 2848 Samnites

780 2865 1032 2919 ceterosque
1054 2864 1297 2907 Poenorum
1329 2866 1472 2907 socios
1504 2862 1690 2917 vastant,
1722 2864 1824 2906 dum
1845 2863 2063 2906 Hannibal
2093 2864 2315 2906 occasioni

779 2922 972 2965 intentus
1005 2923 1121 2965 circa
1152 2923 1388 2966 Tarentum
1417 2926 1627 2967 versatur.
1689 2923 1921 2978 Syracusis
1951 2923 2218 2978 Hieronymo
2249 2923 2314 2964 in-

778 2981 960 3024 terfecto
992 2994 1062 3024 res
1094 2982 1344 3035 turbantur,
1386 2982 1488 3024 dum
1517 2982 1679 3024 milites
1713 2984 1756 3024 et
1785 2981 1942 3037 vulgus
1974 2981 2204 3034 Punicam,
2249 2994 2314 3023 se-

780 3042 907 3083 natus
939 3039 1062 3083 Rom.
1096 3041 1348 3086 societatem
1379 3041 1544 3083 volunt.
1599 3040 1707 3083 Cum
1739 3041 1984 3094 superiores
2017 3040 2178 3082 milites
2210 3039 2316 3083 facti

782 3101 942 3151 essent,
973 3099 1037 3141 M.
1056 3099 1283 3141 Marcellus
1304 3111 1393 3142 cos.
1416 3099 1462 3141 in
1485 3099 1680 3142 Siciliam
1702 3098 1924 3154 profectus
1946 3099 2178 3153 Syracusas
2198 3102 2315 3141 terra

781 3158 974 3213 marique
1005 3174 1241 3213 oppuynare
1273 3161 1416 3212 coepit,
1458 3157 1536 3200 sed
1567 3155 1659 3200 eius
1691 3158 1878 3213 impetus
1909 3157 2180 3200 Archimedis
2213 3170 2313 3213 ope—

783 3217 903 3259 ribus
934 3219 1235 3272 reprimuntur.
1307 3216 1446 3260 Simul
1474 3219 1621 3259 tantae
1653 3217 1804 3271 copiae
1835 3216 2078 3259 Poenorum
2110 3230 2207 3259 cum
2238 3217 2312 3258 Hi-

783 3275 969 3318 milcone
1000 3277 1240 3329 mittuntur,
1273 3279 1320 3318 ut
1348 3275 1510 3318 bellum
1531 3279 1623 3318 tota
1642 3275 1786 3319 insula
1807 3275 2122 3318 exardesceret.
2170 3275 2313 3317 Etiam

786 3347 884 3376 cum
915 3334 1114 3390 Philippo
1146 3335 1304 3378 bellum
1329 3335 1485 3390 coepit,
1516 3333 1792 3391 Apolloniam
1814 3335 2054 3386 obsidente,
2087 3333 2164 3376 sed
2186 3333 2312 3375 facile

783 3393 883 3435 inde
896 3393 1136 3448 repellitur
1168 3408 1192 3435 a
1222 3394 1276 3436 M.
1298 3393 1471 3436 Valerio
1503 3393 1708 3445 Laevino,
1740 3395 1876 3448 praet.
1909 3407 1945 3434 a.
1970 3367 2070 3444 215’,
2101 3393 2175 3447 qui
2197 3392 2314 3435 Orici

782 3436 992 3494 hibernat.
1060 3452 1110 3494 In
1151 3453 1363 3507 Hispania
1398 3453 1560 3495 bellum
1600 3453 1716 3495 varie
1753 3464 1832 3514 per
1873 3451 2100 3506 Scipiones
2134 3451 2313 3506 geritur,

782 3510 859 3553 sed
891 3510 1131 3566 Saguntum
1161 3514 1306 3553 tamen
1334 3512 1556 3567 recipitur.

844 3568 971 3612 Gens.
1005 3569 1139 3611 creati
1168 3570 1222 3611 M.
1255 3569 1412 3612 Atilius
1446 3570 1640 3626 Regulus
1673 3569 1720 3612 P.
1752 3569 1910 3611 Furius
1944 3567 2091 3610 Philus
2125 3568 2309 3610 lustrum
