2392 4016
600 184 653 225 ab
685 197 791 226 anno
823 198 864 236 p.
888 183 983 225 Chr.
1017 185 1071 225 25
1105 195 1235 236 unque
1264 185 1318 224 ad
1346 196 1498 225 annum
1520 186 1589 226 8⁶.
1984 180 2069 228 148

171 357 181 368 .
199 333 239 368 Ο.
282 343 317 368 ιι.
334 343 365 368 c.
419 333 508 375 imp.
1256 338 1283 349 ⁴
1830 358 1836 362 .

143 343 167 377 p
287 382 298 407 x
424 374 427 379 ’
583 378 652 422 vis
682 375 746 431 fit,
785 378 947 435 quippe
977 344 1105 435 quem
1137 374 1595 435 abaeomnibus-paene
1625 376 1713 421 sibi
1741 376 1830 420 iam
1858 374 2069 433 praeferri

463 465 466 469 ι
579 435 751 481 videat:
783 437 884 482 dolo
914 438 1051 490 intur
1078 446 1317 494 aggressus

158 498 212 542 31
278 497 366 542 784
431 497 486 542 18
551 497 742 540 Tiberius
771 513 852 540 coe.
878 497 929 550 V,
969 497 1023 540 L.
1054 497 1218 540 Aelium
1247 495 1444 539 Seianum
1485 494 1701 550 collegam
1740 495 1926 538 assumit
1955 493 2068 546 (suf-

139 567 142 569 ·
580 555 688 600 fecti
717 566 788 599 vn
822 556 885 600 Id.
908 529 1008 600 Mai.
1068 548 1261 600 Faustus
1292 553 1430 608 Sulla,
1463 553 1567 598 Sex.
1592 554 1774 598 Teidius
1807 553 2067 606 Catullinus,

430 621 480 656 tr.
582 614 676 659 Cal.
699 615 780 659 Iul.
805 615 959 659 Teidio
988 615 1038 658 L.
1061 614 1290 659 Fulcinius
1314 613 1434 667 Trio,
1467 612 1560 657 Cal.
1579 613 1673 657 Oct.
1698 613 1846 656 Sullae
1869 613 1916 656 P.
1938 613 2067 655 Mem-

408 681 494 725 pot
555 696 558 699 Δ
587 675 699 718 mius
722 674 944 732 Regulus)
977 677 1022 718 et
1052 674 1235 717 Romam
1268 687 1295 716 a
1325 685 1373 717 se
1405 673 1597 717 dimittit.
1646 672 1736 716 Sed
1766 685 1864 715 cum
1897 672 2068 715 suffecti

424 736 479 773 88
583 745 674 778 cos.
695 734 923 778 Memmius
946 733 1141 791 Regulus
1165 736 1208 776 et
1228 733 1455 777 Fulcinius
1480 732 1585 776 Trio
1613 732 1917 789 magistratum
1941 731 2069 774 habe-

582 798 680 836 rent
710 794 942 851 omniaque
971 795 1230 849 praeparata
1261 794 1424 846 essent,
1458 791 1616 835 litteris
1640 791 1695 834 ad
1716 794 1915 835 senatum
1939 790 2066 843 datis,

581 853 773 909 graviter
801 866 900 896 eum
932 855 1125 906 accusat,
1158 852 1351 895 omnium
1383 854 1458 894 aut
1488 851 1775 895 admiratione
1807 854 1882 893 aut
1903 850 2069 893 laetitia

581 912 792 968 exceptis.
861 911 1069 966 Saeuitur
1095 912 1138 963 in
1167 911 1363 955 Seianum
1403 914 1448 954 et
1485 923 1635 954 omnes
1683 911 1931 967 quicunque
1969 922 2067 953 cum

581 983 634 1015 eo
665 975 742 1015 aut
772 971 986 1028 sanguine
1018 960 1094 1014 aut
1123 960 1418 1014 familiaritate
1450 970 1673 1013 coniuncti
1694 970 1887 1013 fuerant.
1919 982 2067 1012 eorum

581 1031 695 1074 bona
722 1031 1002 1088 publicantur
1044 1032 1088 1073 et
1117 1031 1165 1073 in
1194 1029 1348 1074 fiscum
1380 1029 1651 1086 rediguntur.
1723 1029 1835 1072 Tum
1868 1029 2066 1085 Apicata,

581 1090 685 1146 olim
715 1103 827 1133 uxor
848 1090 1012 1145 Seiani,
1045 1090 1118 1134 cui
1148 1090 1423 1146 parcebatur,
1455 1089 1625 1134 scelera
1656 1092 1809 1132 contra
1831 1089 2020 1132 Drusum
2042 1101 2068 1130 a

581 1140 732 1192 Livia
735 1145 1044 1208 ipsius-uxore
1075 1144 1517 1202 commissa-indicat,
1550 1152 1596 1193 et
1625 1161 1763 1192 novae
1786 1149 2065 1207 quaestiones
2108 1194 2113 1201 ,
2139 1178 2181 1208 ,ι

581 1212 852 1254 exercentur.
923 1207 1055 1262 Nero,
1093 1209 1312 1252 maximus
1342 1208 1530 1253 filiorum
1563 1207 1827 1260 Germanici,
1872 1212 2066 1260 necatur,
2078 1204 2084 1214 '
2136 1212 2149 1231 ι·

553 1267 661 1312 &sed
689 1268 822 1312 frater
862 1269 956 1312 eius
990 1267 1126 1312 Gaius
1167 1267 1443 1327 pontificatu
1457 1271 1635 1323 ornatur
1672 1280 1723 1310 ac
1760 1268 1972 1325 paulatim
2012 1267 2067 1309 ad

553 1320 704 1385 {spem
751 1326 1084 1385 principatuse
1051 1325 1284 1371 ῖᾶῐιοιιιιιι.
1334 1320 1464 1380 (Acta
1497 1328 1592 1372 eius
1628 1328 1732 1371 anni
1765 1327 1894 1384 frgm.
1959 1326 2063 1370 Tac.

376 1402 379 1407 ’
579 1386 694 1431 Αιιιι.
725 1387 767 1441 5,
800 1387 952 1431 6-11
987 1385 1231 1439 describit.)

155 1449 212 1493 32
274 1448 361 1494 785
425 1448 480 1493 19
543 1446 644 1492 Cos.
681 1447 753 1490 Gn.
777 1448 986 1490 Domitius
1015 1446 1093 1500 (L
1124 1447 1154 1488 f.
1186 1446 1267 1490 Cn.
1299 1459 1342 1489 n.
1374 1446 1643 1503 Agrippinae
1670 1444 1946 1488 Germanici·
1949 1444 2065 1488 filiae

578 1507 760 1550 maritus
801 1509 846 1549 et
884 1519 940 1549 ex
971 1519 1024 1548 ea
1062 1519 1100 1548 a.
1132 1505 1204 1549 37.
1235 1505 1425 1549 Neronis
1455 1504 1604 1562 pater)
1636 1505 1958 1558 Ahenobarbus,
1999 1504 2062 1546 Μ.

423 1572 474 1607 tr.
575 1566 731 1608 Furius
766 1565 963 1608 Camillus
992 1565 1218 1608 Arruntius
1236 1565 1536 1608 Scribonianus
1566 1565 1692 1616 (huic
1724 1564 1822 1607 suff.
1857 1563 2063 1608 Gal.1ul.

405 1632 492 1677 pot.
583 1624 636 1668 A.
659 1623 916 1678 Vitellius)·
951 1624 1056 1667 Tac.
1087 1623 1200 1668 Ann.
1235 1625 1274 1678 6,
1312 1623 1488 1675 1-14.)
1537 1622 1629 1667 Cal.
1665 1624 1756 1667 Ian.
1791 1617 1970 1667 senatus
2003 1624 2064 1666 vi-

421 1687 476 1727 34
576 1684 693 1728 ritim
731 1685 778 1727 in
817 1687 922 1737 acta
949 1684 1122 1732 Tiberii
1154 1685 1295 1738 iurat,
1341 1696 1514 1727 omnem
1540 1684 1852 1740 suspicionem
1891 1683 2090 1735 habitae,

577 1732 1120 1788 cumJS'elanoosocletatis
1153 1717 1554 1800 amoliri-cupiens.
1601 1743 1709 1786 Inde
1731 1742 2064 1786 maiorestudio

577 1804 858 1860 quaestiones
899 1806 1171 1846 exercentur.
1240 1803 1412 1861 Macro,
1437 1801 1709 1860 praefectus
1747 1803 1978 1859 praetorii,
2018 1803 2065 1845 in

577 1863 723 1907 locum
755 1863 906 1919 Seiani
933 1863 1191 1916 instituitur
1226 1852 1372 1919 atque
1386 1836 1490 1905 mcx
1521 1862 1722 1905 eundem
1734 1862 2064 1919 paenegratiae

577 1919 723 1966 locum
761 1918 885 1979 apud
895 1915 1006 1966 Tib.
1047 1923 1309 1979 assequitur.
1382 1922 1553 1974 Mortuo
1583 1921 1743 1965 Pisone
1782 1922 1879 1965 urbi
1908 1920 2064 1978 praefi-

578 1982 692 2024 citur
721 1981 771 2025 L.
803 1981 958 2025 Aelius
990 1981 1156 2031 Lamia.
1227 1971 1401 2038 SJriam
1445 1981 1610 2039 accipit
1675 1994 1765 2024 ιον.
1797 1980 1846 2024 L.
1879 1981 2064 2037 Pompo-

579 2041 679 2085 nius
710 2038 918 2085 Flaccus.
965 2040 1174 2085 Nascitur
1206 2050 1257 2084 lv
1279 2040 1372 2085 Cal.
1394 2041 1493 2084 Mai.
1545 2040 1601 2084 M.
1669 2038 1809 2084 alvius
1842 2039 1954 2084 Otho
1984 2041 2064 2084 im-

578 2100 815 2157 perator}
813 2115 852 2145 a.
817 2090 932 2144 Md.
977 2109 1024 2143 v!
1058 2100 1122 2144 Id.
1153 2100 1265 2144 Nov.
1299 2100 1349 2145 C.
1383 2099 1596 2154 Cocceius
1636 2100 1782 2144 Nerva
1818 2092 1931 2156 imp.
1932 2081 2062 2143 Nar-

576 2160 689 2204 niae.

151 2220 208 2266 33
269 2220 356 2265 786
419 2219 478 2265 20
538 2219 639 2264 Cos.
677 2219 771 2263 Ser.
802 2218 1016 2274 Sulpicius
1052 2219 1212 2272 Galba,
1252 2219 1327 2275 qui
1365 2221 1522 2275 postea
1560 2219 1811 2276 imperavit,
1853 2217 1978 2272 (suff.
2011 2219 2060 2262 Ι.

573 2276 748 2323 Salvius
771 2278 898 2332 Otho,
929 2281 1055 2335 pater
1073 2278 1350 2335 imperatoris
1380 2277 1555 2348 futuri),
1589 2279 1638 2322 L.
1663 2278 1891 2322 Cornelius
1917 2278 2059 2322 Sulla·

422 2344 472 2378 tr.
575 2338 680 2382 Tac.
711 2338 825 2381 Ann.
859 2338 901 2392 6,
936 2338 1058 2382 15-
1069 2338 1160 2390 27.)
1220 2336 1361 2381 Atrox
1391 2339 1438 2381 in
1468 2339 1620 2395 primis
1654 2351 1808 2382 annus.
1883 2338 2062 2392 Omnes,

368 2403 369 2406 ’
399 2403 486 2450 pot.
579 2398 655 2454 qui
684 2398 881 2442 accusati
910 2400 1088 2454 propter
1109 2397 1318 2441 Seianum
1337 2397 1383 2440 in
1406 2398 1654 2441 carceribus
1677 2400 1893 2451 tenentur,
1928 2398 2059 2441 simul

420 2460 475 2499 85
578 2457 838 2501 occiduntur
885 2460 930 2500 et
975 2457 1022 2500 in
1061 2457 1255 2500 Tiberim
1294 2457 1596 2513 proiiciuntur.
1673 2457 1842 2502 Drusus
1881 2430 2059 2511 Romae,

571 2517 831 2572 Ayrippina
841 2516 1129 2577 Pandatariae
1148 2517 1285 2572 same
1301 2525 1529 2570 enecantur,
1570 2516 1646 2573 qui
1677 2516 1786 2569 dies,
1826 2516 1929 2572 quia
1958 2490 2059 2559 ante

571 2576 795 2623 biennium
816 2567 1004 2620 Seianus
1019 2568 1190 2618 eodem
1221 2575 1394 2618 occisus
1428 2578 1510 2630 est,
1542 2588 1568 2617 a
1599 2578 1754 2618 senatu
1784 2576 1899 2619 inter
1918 2575 2056 2619 festos

567 2635 774 2686 refertur.
845 2634 1018 2678 Talium
1051 2634 1220 2678 sceleru
1296 2631 1534 2691 impatiens
1561 2632 1617 2678 Μ.
1652 2632 1865 2678 Cocceius
1898 2633 2056 2688 Nerva,

571 2694 1051 2797 isstffspffiissiffit
1060 2647 1681 2809 ‘'tNss‘ss'ffifflzs‘zfsst-ztssfi.
1693 2694 2056 2806 ἶῖῢῖῗῖῑξοὲῗῗέε

577 2812 840 2866 Germanici,
872 2811 921 2856 L.
945 2811 1100 2856 Cassio
1122 2815 1167 2856 et
1194 2812 1249 2855 Μ.
1268 2811 1456 2867 Vinicio,
1487 2812 1806 2866 consularibus,
1838 2786 2055 2856 collocan-

538 2855 656 2970 lmr’
688 2872 816 2925 Iulia,
847 2871 979 2915 Drusi
1009 2861 1113 2926 filia,
1146 2871 1348 2917 Rubellio
1370 2871 1552 2918 Blando.
1610 2871 1746 2915 Gaius
1771 2872 1933 2916 Caesar
1953 2872 2057 2929 toga

573 2931 687 2974 virili
719 2932 892 2987 sumpta
912 2929 1198 2987 quaestor-fit.
1246 2931 1428 2974 Asinius
1451 2931 1604 2975 Gallus
1627 2932 1902 2975 interimitur.
1948 2932 2053 2976 Urbi

209 2992 215 2998 ’
573 3002 779 3046 praeesse
810 2991 966 3047 incipit
996 2990 1162 3034 Cossus
1186 2989 1414 3034 Cornelius
1447 2990 1673 3043 Lentulus,
1706 3003 1796 3034 cos.
1830 3004 1928 3034 ann.
1951 2990 2022 3035 25.

147 3051 203 3123 34
266 3052 352 3096 787
415 3050 468 3094 21
537 3049 639 3093 eos.
670 3049 848 3093 Paullus
881 3049 1043 3093 Fabius
1067 3050 1286 3103 Persicus,
1318 3049 1367 3092 L
1392 3049 1610 3102 Vitellius,
1642 3053 1766 3105 pater
1796 3049 1848 3093 A.
1872 3050 2053 3103 Vitellii,

418 3115 468 3149 tr.
570 3108 722 3167 imper.
753 3108 905 3153 futuri.
941 3109 1045 3159 Tac.
1064 3108 1175 3152 Anu.
1194 3108 1235 3162 6,
1253 3108 1374 3151 28-
1384 3106 1476 3159 30)
1529 3108 1654 3151 Mam.
1688 3108 1894 3162 Scaurus,
1926 3113 2051 3153 vetus

396 3174 483 3219 pot.
576 3167 820 3212 consularis
851 3170 896 3212 et
926 3171 1090 3221 orator,
1130 3167 1206 3211 sed
1238 3169 1327 3211 vita
1365 3167 1624 3224 probrosus,
1665 3167 1843 3212 ultimus
1875 3168 2052 3212 nobilis·

417 3229 471 3267 86
575 3226 710 3270 simae
739 3226 950 3281 familiae,
981 3230 1213 3271 accusatus
1245 3227 1438 3270 moritur.

147 3286 204 3331 35
266 3286 354 3331 788
413 3285 471 3329 22
533 3284 581 3329 C.
615 3284 764 3330 Cestio
797 3285 924 3331 Gallo
956 3285 1206 3339 Camerino,
1249 3286 1303 3328 M.
1337 3285 1523 3330 Servilio
1555 3284 1753 3328 Noniano
1795 3298 1885 3330 cos
1920 3287 2050 3338 (Tac.

143 3358 146 3360 >
419 3350 471 3384 tr.
574 3343 688 3388 Ann.
721 3344 763 3398 6,
794 3344 919 3389 31-
929 3344 1004 3396 39)
1035 3318 1307 3389 Parthorum
1320 3357 1398 3389 rex
1428 3344 1675 3389 Artabanus
1706 3343 1954 3389 Armeniam
1985 3347 2050 3390 in-

396 3409 483 3455 pot.
574 3403 714 3456 vadit,
756 3403 833 3447 sed
862 3404 1002 3461 inseq.
1034 3417 1072 3447 a.
1104 3402 1548 3461 immissis-gentibus
1578 3404 1857 3461 propinquis,
1895 3404 2049 3460 iberis,

418 3465 471 3503 87
573 3462 775 3522 Scythis,
795 3462 995 3507 -Albanis
1027 3463 1438 3507 eiicitur.r1ae
1477 3463 1726 3520 praeficitur
1757 3463 1806 3507 L.
1833 3463 2047 3508 Vitellius.

570 3518 845 3565 Αἰιιιιΰῑιῑῖ
846 3524 935 3579 nup
935 3522 1020 3566 tiae
1051 3525 1150 3566 c‘um
1171 3521 1296 3566 Iunia
1283 3462 1544 3577 Βέιιιιιάιίιιι,
1576 3535 1687 3579 quae
1717 3534 1819 3567 mox
1841 3523 2048 3582 decessit,

570 3581 625 3627 Μ.
658 3581 797 3627 Silani
825 3581 929 3637 filia,
959 3581 1246 3627 celebrantur.
