2392 4016
328 183 412 230 164

329 904 412 948 176

330 1490 412 1534 177

331 1839 415 1883 178

330 2250 414 2294 179

331 2423 416 2467 180

1093 174 1273 216 Annales
1302 174 1474 215 Romani

478 338 560 363 u.c.
613 334 701 365 unp.
781 366 897 421 dant,
926 366 1031 423 imp.
1053 375 1143 409 vm
1174 368 1218 408 et
1239 364 1506 408 Sarmaticus
1539 362 1801 420 appellatur:
1835 360 1995 405 bellum
2022 359 2129 404 adeo
2153 372 2253 404 con-

777 426 851 471 fici
889 438 1020 482 posse
1055 425 1304 477 videbatur,
1343 424 1390 466 ni
1428 423 1605 466 Avidius
1639 422 1829 474 Cassius,
1870 420 2024 476 Syriae
2062 432 2254 476 praeses,

780 487 1028 541 contempta
1065 484 1200 527 Marci
1238 482 1573 538 aequanimitate
1617 484 1660 524 et
1696 479 1959 532 lenitudine,
2008 479 2255 522 defecisset.

783 545 873 588 Sed
903 545 942 587 is
973 544 1111 586 tribus
1143 543 1365 585 mensibus
1397 544 1500 597 post
1530 554 1556 583 a
1586 541 1837 583 centurione
1860 539 1930 582 sui
1951 538 2169 581 exercitus
2190 538 2255 580 in-

781 602 1005 646 terficitur.
1059 601 1281 645 Seditione
1314 602 1536 656 comperta
1555 599 1725 642 Marcus
1748 597 2031 642 Commodum
2052 606 2138 638 xlv
2164 595 2254 639 Cal.

780 662 862 705 Iul.
895 661 950 704 ad
980 661 1163 704 limitem
1194 660 1391 712 arcessit,
1431 659 1616 713 dataque
1647 658 1763 701 virili
1793 660 1897 714 toga
1926 657 2040 699 Non.
2071 655 2151 697 Iul.
2183 655 2256 698 he-

779 720 927 763 redem
955 720 1128 775 imperii
1158 719 1407 762 constituitz
1442 717 1603 774 ipsein
1622 715 1775 760 Asiam
1794 719 2095 772 transgressus
2121 714 2255 757 omni-

779 781 861 823 bus
893 779 1150 822 clementem
1181 791 1228 821 se
1258 778 1450 834 praebet.
1500 777 1655 819 Raetia
1683 776 1766 819 hoc
1795 778 1988 831 tempore
2022 773 2254 829 peculiaris

780 838 1020 895 provincia,
1051 851 1139 880 una
1171 837 1344 893 legione
1376 838 1539 888 ornata,
1571 835 1826 887 instituitur,
1856 835 1959 876 item
1991 833 2211 875 Noricum.

479 900 564 945 929
629 897 682 941 16
747 897 847 941 Cos.
882 897 933 939 Τ.
955 897 1172 941 Vitrasius
1204 896 1345 939 Pollio
1377 895 1433 949 11,
1474 895 1530 938 M.
1561 894 1739 937 Flavius
1769 893 1886 949 Aper
1917 892 1990 943 Π.)
2059 891 2144 934 Per
2175 890 2257 946 Sy·
2342 929 2347 934 .

776 957 888 998 riam
918 968 1055 1010 usque
1087 956 1134 998 in
1162 953 1412 1011 Aegyptum
1441 952 1748 1010 proficiscitur,
1781 952 1859 995 sed
1888 951 2061 994 rediens
2091 951 2257 992 Fausti-

586 1014 705 1054 Com-
779 1029 872 1055 nam
902 1026 1082 1056 uxorem
1112 1014 1159 1055 in
1183 1012 1338 1056 Cilicia
1369 1011 1463 1064 (ubi
1492 1011 1648 1054 deinde
1679 1012 1782 1054 urbs
1803 1009 2134 1065 Faustinopolis
2158 1021 2258 1051 con-

592 1075 703 1113 modi
777 1069 888 1123 dita)
910 1074 1047 1115 morte
1067 1072 1240 1124 amittit,
1272 1071 1502 1114 sanctitate
1522 1082 1689 1112 morum
1708 1070 2039 1124 haudquaquam
2058 1068 2259 1110 maritum

629 1138 680 1171 tr.
781 1131 1015 1173 imitatam.
1086 1129 1272 1172 Athenis
1311 1129 1532 1184 mysteriis
1571 1129 1767 1170 initiatur
1802 1128 2054 1182 reditusque
2092 1139 2258 1169 annuos

607 1195 693 1242 pot.
785 1191 990 1245 quattuor
1015 1189 1260 1232 scholarum
1280 1187 1550 1243 philosophis
1572 1186 1811 1230 constituit.
1857 1186 2040 1229 Romam
2058 1198 2258 1228 reversus

642 1253 662 1288 1
782 1261 881 1291 cum
903 1247 930 1291 8
951 1260 1103 1300 annos,
1133 1248 1330 1303 quamvis
1361 1259 1450 1290 non
1480 1246 1726 1298 continuos,
1758 1244 1984 1298 abfuisset,
2015 1244 2054 1286 d.
2077 1243 2133 1287 23
2154 1243 2259 1286 Dec.

782 1320 879 1350 cum
922 1306 1157 1350 Commodo
1197 1306 1256 1349 fil.
1305 1306 1358 1348 de
1398 1305 1625 1349 Germanis
1676 1307 1720 1347 et
1761 1304 1970 1348 Sarmatis
2010 1303 2259 1359 triumphat,

779 1365 1187 1467 filiodtribuniciam
1224 1367 1487 1422 potestatem
1525 1364 1623 1417 dat,
1661 1363 1823 1419 populo
1854 1363 2015 1406 viritim
2047 1361 2074 1406 8
2106 1374 2259 1405 aureos

782 1425 872 1468 divi
902 1425 951 1467 it.
1629 1429 1635 1430 ⁷

478 1487 566 1533 930
627 1484 682 1528 17
744 1483 845 1527 Cos.
876 1485 980 1538 Imp.
1012 1483 1157 1526 Aelius
1185 1483 1381 1525 Aurelius
1415 1482 1661 1534 Commodus,
1692 1480 1748 1523 M.
1770 1480 1967 1524 Plautius
1992 1478 2259 1531 Quintilius.)

781 1542 968 1598 Smyrna
1017 1545 1157 1585 terrae
1204 1544 1325 1585 motu
1366 1541 1594 1593 evertitur,
1649 1540 1784 1583 Marci
1834 1539 2092 1582 liberalitate
2135 1538 2262 1581 resti-

782 1602 938 1654 tuitur,
979 1601 1057 1644 sed
1094 1601 1210 1643 idem
1243 1599 1514 1643 Christianos
1546 1600 1592 1641 in
1626 1598 1770 1642 Gallia
1796 1598 2082 1654 Lugdunensi
2111 1597 2262 1640 crude-

781 1660 882 1703 liter
912 1661 1062 1703 vexari
1090 1660 1264 1715 patitur.
1337 1658 1600 1702 Commodus
1630 1658 1843 1713 Anqustus
1882 1660 1926 1699 et
1951 1666 2071 1711 pater
2097 1658 2262 1712 patriae

782 1718 1045 1774 appellatur,
1101 1718 1456 1774 Crispinamque,
1513 1717 1676 1761 Bruttii
1726 1716 1976 1759 Praesentis
2021 1715 2098 1769 fil„
2143 1715 2264 1758 ducit

478 1836 561 1882 931
628 1835 683 1879 18
745 1790 976 1880 οὲζῗῒὲἓῗςῖ
1011 1834 1239 1878 Cornelius
1273 1834 1420 1895 Scipio
1455 1833 1633 1886 Orfitus,
1671 1832 1720 1885 Q.
1753 1833 1934 1876 Tineius
1966 1832 2105 1876 Rufus
2137 1832 2260 1885 (suff.

783 1893 875 1937 031.
898 1895 993 1938 Oct.
1014 1896 1179 1937 Didius·
1193 1892 1422 1944 Iulianus).
1464 1891 1644 1936 Aestate
1665 1891 1836 1935 Marcus
1870 1892 2010 1935 denuo
2042 1903 2142 1934 cum
2170 1891 2260 1934 filio

784 1952 1019 1996 Commodo
1051 1954 1191 1997 Roma
1223 1953 1279 1996 ad
1309 1951 1626 1997 conficiendum
1662 1951 1825 1994 bellum
1854 1951 2262 2003 Marcomannicum,

783 2013 899 2067 quod
921 2012 1148 2065 Quinctilii
1177 2012 1331 2056 fratres
1364 2012 1581 2055 sustinere
1613 2023 1702 2053 non
1731 2013 1927 2066 possent,
1959 2009 2000 2054 5.
2021 2010 2135 2066 Aug.
2165 2022 2263 2066 pro-

779 2070 1006 2115 ficiscitur.
1079 2071 1244 2115 SCtum
1285 2070 1540 2114 Orfitianum
1580 2069 1633 2113 de
1679 2070 1958 2114 successione
1997 2069 2181 2112 liberum
2216 2069 2263 2111 in

780 2131 896 2173 bona
933 2131 1083 2174 matris
1124 2130 1370 2174 intestatae.
1439 2130 1620 2173 Florent
1657 2129 1741 2172 Icti
1782 2128 1918 2172 Gaius
1958 2131 2002 2171 et
2033 2128 2082 2181 Q.
2117 2128 2264 2172 Cervi-

781 2189 879 2232 dius
911 2189 1134 2233 Scaevola.
1198 2190 1436 2244 Septimius
1470 2189 1658 2232 Severus
1689 2190 1863 2244 praetor
1893 2190 1974 2230 est.

476 2248 564 2292 932
628 2247 681 2290 19
746 2247 845 2292 Cos.
887 2248 994 2304 Imp.
1038 2248 1297 2291 Commodus
1329 2248 1395 2300 II,
1443 2248 1492 2290 P.
1523 2247 1703 2290 Martius
1736 2247 1879 2290 Verus
1909 2245 1993 2299 II.)
2058 2244 2263 2289 Germani

697 2362 699 2364 ῃ
782 2307 906 2362 gravi
942 2307 1106 2362 proelio
1146 2321 1183 2362 a>
1208 2308 1396 2350 Paterno
1444 2307 1698 2359 vincuntur3
1744 2306 1916 2348 Marcus
1954 2306 2057 2360 imp.
2105 2313 2142 2345 x
2188 2318 2260 2360 ap-

780 2366 978 2420 pellatur.

476 2423 562 2467 933
623 2422 681 2467 20
741 2422 794 2467 A.
827 2425 866 2466 d.
902 2425 956 2467 16
990 2423 1079 2467 031.
1112 2423 1302 2480 Apriles,
1337 2423 1386 2467 0.
1411 2423 1585 2467 Bruttio
1607 2423 1845 2466 Praesente
1877 2423 1922 2466 II
1953 2424 1997 2465 et
2017 2422 2107 2465 Sex
2130 2421 2261 2473 Quin-

783 2483 878 2525 tilio
921 2483 1144 2526 Condiano
1186 2496 1292 2536 cos.,
1335 2483 1571 2539 imperator
1607 2482 1914 2538 philosophus,
1954 2482 2108 2524 aetatis
2147 2493 2258 2523 anno

781 2541 852 2585 59.
884 2542 1076 2585 nondum
1108 2543 1296 2598 expleto,
1328 2542 1612 2585 Vindobonae
1643 2541 1714 2584 vel
1746 2541 1894 2584 Sirmii
1923 2540 2107 2593 decedit,
2128 2542 2257 2594 felix,

779 2602 823 2642 ni
859 2603 976 2643 talem
995 2603 1139 2655 filium
1177 2603 1439 2655 relinqueret,
1483 2602 1601 2643 certe
1638 2602 1864 2655 tantopere
1904 2599 2088 2642 dilectus
2128 2613 2154 2641 a
2182 2611 2259 2654 po-

780 2659 1054 2715 pulo.Rom.,
1096 2663 1146 2703 ut
1183 2660 1424 2716 sacrilegus
1464 2659 1754 2712 iudicaretur,
1793 2659 1868 2714 qui
1899 2659 1993 2701 eius
2024 2659 2258 2714 imaginem

785 2718 902 2762 domi
932 2731 1037 2763 suae
1068 2732 1156 2763 non
1186 2720 1377 2773 haberet,
1409 2732 1508 2762 cum
1537 2732 1616 2775 per
1635 2718 1865 2762 facultates
1887 2718 2044 2761 habere
2065 2719 2227 2773 posset.

328 2980 526 3023 Periodus
555 2979 725 3035 septima
755 2995 782 3022 a
803 2980 945 3023 Marci
975 2983 1232 3036 imperatoris
1261 2992 1385 3025 morte
1415 2998 1539 3036 usque
1561 2983 1620 3024 ad
1635 2983 1867 3024 divisionem
1888 2982 2047 3035 imperii
2065 2981 2255 3034 Romani,

615 3048 767 3082 mortuo
804 3040 1027 3083 Theodosio
1065 3043 1290 3083 institutam
1320 3057 1360 3084 a.
1392 3041 1479 3084 395
1508 3050 1602 3095 post
1635 3041 1784 3102 Christ.
1816 3049 1965 3082 natum.

325 3141 414 3181 p.G.
474 3149 558 3172 u.c.
620 3140 708 3180 imp.

330 3186 417 3230 180
474 3185 560 3230 933
651 3186 674 3228 1
744 3185 1106 3240 COMMODUS,
1147 3200 1258 3230 anno
1291 3187 1446 3230 aetatis
1478 3187 1550 3240 20,
1580 3187 1725 3230 Marco
1758 3185 1978 3230 Antonino
2017 3186 2130 3241 patri
2158 3198 2254 3229 suc-

332 3418 412 3461 181

331 3476 414 3520 182

627 3249 678 3285 tr.
780 3245 908 3298 cedit,
940 3247 1015 3301 qui
1043 3246 1187 3289 taedio
1218 3246 1394 3299 laboris,
1426 3259 1510 3302 quo
1543 3247 1672 3290 eitius
1705 3246 1759 3288 ad
1789 3246 1975 3289 urbanas
2006 3245 2251 3301 voluptates

607 3308 694 3353 pot.
784 3303 946 3356 redeat,
978 3318 1130 3360 pacem
1162 3318 1260 3348 cum
1279 3306 1595 3348 Marcomannis
1619 3307 1662 3348 et
1685 3304 1847 3357 Quadis
1870 3304 2014 3348 facere
2034 3306 2250 3360 properat,

640 3363 670 3403 5,
777 3362 1130 3419 triumphansque
1161 3363 1290 3420 (imp.
1321 3364 1385 3408 IV
1415 3364 1600 3417 dicitur)
1629 3365 1674 3406 in
1705 3365 1855 3407 urbem
1885 3364 2010 3406 redit.

477 3419 564 3462 934
656 3420 682 3462 2
746 3418 846 3463 Cos.
878 3421 986 3476 Imp.
1021 3422 1282 3466 Commodus
1314 3423 1393 3476 III,
1425 3423 1474 3466 L.
1504 3423 1722 3466 Antistius
1753 3423 1933 3466 Burrus.

474 3477 560 3523 935
652 3478 679 3522 3
742 3477 841 3521 Cos.
873 3479 927 3520 Μ.
959 3481 1162 3524 Petronio
1193 3483 1446 3525 Mamertino
1478 3484 1522 3524 et
1554 3481 1603 3534 Q.
1626 3481 1781 3525 Tineio
1803 3481 1916 3523 Rufo
1947 3479 2248 3523 Britannicum

778 3537 939 3580 bellum
969 3538 1109 3583 denuo
1142 3543 1339 3584 exortum
1361 3541 1684 3584 administratur
1702 3554 1781 3596 per
1796 3541 1971 3594 ‘Ulpium
1992 3538 2248 3591 Marcellum,
