2392 4016
311 136 400 181 200

312 287 398 328 μῦ.
464 296 498 320 u.
514 296 545 319 c.

313 509 401 554 458
466 508 575 552 1211

313 1041 401 1085 459
466 1039 578 1083 1212

315 1402 405 1446 460
466 1398 579 1443 1213

316 1758 400 1802 461
469 1755 583 1799 1214

317 2352 404 2396 462
470 2347 583 2393 1215

319 3004 407 3048 463
471 3001 583 3045 1216

323 3362 410 3405 464
477 3356 586 3402 1217

645 286 734 325 imp.

682 332 702 374 1

670 507 696 551 2

671 1038 698 1082 3

669 1395 698 1438 4

645 2343 702 2462 alm

649 2998 703 3115 -Qlw

654 3353 708 3418 A

682 3427 708 3471 s

1082 142 1261 181 Annales
1292 143 1462 183 Romani

796 341 907 372 anno
949 333 1134 374 exeunte
1173 331 1575 376 MAIORIANUS
1623 336 1736 378 votis
1783 339 1961 379 senatus
2008 338 2241 394 populique

797 387 921 432 Rom.
943 390 1177 445 expetituS,
1210 403 1287 446 per
1309 391 1581 446 Ricimerem,
1614 397 1802 437 veterem
1825 394 2079 438 familiarem
2101 409 2241 450 suum,

798 447 853 490 ad
882 448 1110 504 imperium
1142 449 1359 492 evehitur:
1393 451 1516 494 cuius
1547 451 1612 494 rei
1642 454 1771 496 etiam
1803 453 1893 497 Leo
1926 458 2077 497 auctor
2105 454 2167 498 fit.

759 506 859 550 Cos.
882 506 1026 564 Augg.
1047 508 1113 550 ΕΙ.
1135 507 1224 550 Leo
1257 511 1301 551 et
1329 509 1606 564 Maiorianus,
1638 513 1709 555 cui
1739 512 1946 556 Sidonius
1977 514 2242 569 Apollinaris

795 567 1108 622 panegyricum
1139 568 1314 620 recitat,
1347 581 1476 611 carm.
1502 569 1570 620 V.)
1630 569 1778 614 Maior.
1811 573 2104 628 compluribus
2138 573 2240 629 legi-

798 625 878 667 bus
911 626 1130 681 sapienter
1158 626 1393 681 institutis,
1435 628 1488 670 de
1517 629 1773 672 tributorum
1805 632 2054 684 exactione,
2088 632 2140 674 de
2173 632 2245 674 de-

797 683 1042 728 fensoribus
1075 685 1322 739 civitatum,
1354 699 1481 730 curae
1514 688 1599 730 sibi
1630 701 1728 732 esse
1760 692 1919 732 statum
1951 691 2015 732 rei
2045 692 2244 746 publicae

801 743 1004 787 ostendit.
1067 744 1156 788 Sed
1186 745 1232 787 id
1262 745 1473 801 imprimis
1506 747 1619 803 agit,
1652 750 1701 790 ut
1729 746 1921 791 Africam
1953 750 2244 792 Vandalorum

799 802 980 858 imperio
1012 803 1187 856 liberet,
1227 806 1363 847 maria
1392 808 1486 848 tuta
1515 806 1669 848 reddat
1699 806 1806 860 (hoc
1847 809 1960 850 enim
2000 809 2097 864 ipso
2133 821 2243 851 anno

799 861 844 903 in
867 861 1147 918 Campaniam
1169 865 1468 907 escensionem
1490 865 1723 919 fecerant):
1757 867 1977 909 saeviente
1998 869 2083 909 iam
2105 868 2245 910 hieme

798 921 871 1021 ἱρὴ
888 919 1075 1022 Galltiam
1113 922 1426 989 proficiscitur,
1467 924 1802 981 Burgundiones
1835 929 2031 979 coercet,
2071 927 2246 969 Arelate

828 992 843 1020 1
875 991 978 1021 erna
999 1012 1009 1021 .

761 1038 861 1082 Cos.
893 1037 960 1080 ΕΙ.
982 1038 1173 1080 Ricimer
1204 1039 1308 1082 Occ.
1342 1042 1386 1082 et
1414 1039 1480 1082 ΕΙ.
1513 1041 1745 1095 Patricius,
1775 1042 1956 1099 Asparis
1986 1043 2118 1097 filius,
2152 1043 2245 1096 Or.)

799 1096 1019 1152 Visigothi
1048 1098 1094 1139 in
1127 1097 1289 1151 Gallia,
1330 1111 1428 1141 cum
1465 1102 1567 1154 post
1604 1103 1787 1143 mortem
1817 1102 1937 1144 Aviti
1976 1104 2247 1146 maiestatem

797 1156 969 1212 imperii
998 1168 1086 1199 non
1106 1157 1360 1211 coluissent,
1389 1157 1507 1213 pulsi
1538 1159 1591 1201 ab
1613 1159 1799 1215 Aegidio
1821 1163 1865 1202 et
1893 1161 1990 1216 ipso
2011 1162 2247 1204 Maioriano

801 1215 857 1257 ad
893 1214 1083 1259 officium
1119 1216 1315 1259 redeunt.
1382 1217 1545 1260 Eorum
1583 1219 1815 1262 auxiliares
1854 1220 1901 1262 in
1940 1220 2066 1276 Hisp.
2099 1224 2250 1263 contra

800 1274 968 1318 Suevos
1015 1279 1253 1329 merentur,
1301 1277 1583 1332 possessione
1630 1277 1884 1321 Lusitaniae
1936 1282 1980 1321 et
2018 1279 2248 1322 Galaeciae

799 1334 990 1378 nondum
1021 1335 1239 1391 depulsos.

761 1394 861 1438 Cos.
893 1394 1076 1450 Magnus
1109 1397 1153 1437 et
1182 1394 1474 1450 Apollonius.)
1541 1395 1804 1439 Maiorianus
1837 1397 2032 1439 exercitu
2065 1397 2248 1440 collecto

801 1453 847 1495 in
867 1453 1124 1509 Hispaniam
1155 1454 1459 1509 proficiscitur,
1491 1455 1537 1496 in
1557 1454 1750 1498 Africam
1781 1456 2035 1499 transiicere
2057 1460 2248 1512 paratus.

804 1511 893 1555 Sed
923 1526 975 1554 ea
1006 1526 1106 1568 spes
1138 1514 1259 1556 irrita
1287 1514 1416 1566 cadit,
1449 1514 1566 1569 quod
1586 1514 1773 1557 Vandali
1803 1515 1988 1558 classem
2010 1516 2249 1558 Romanam

801 1572 848 1613 in
878 1574 1005 1626 portu
1029 1572 1379 1628 Carthaginiensi
1410 1573 1686 1629 (Spartaria)
1716 1576 1903 1616 stantem
1936 1588 2013 1630 per
2042 1575 2249 1631 proditio-

802 1643 902 1672 nem
935 1634 1009 1673 aut
1040 1632 1237 1687 capiunt,
1279 1635 1353 1675 aut
1391 1632 1550 1674 delent.
1615 1631 1865 1675 Geisericus
1905 1636 2050 1676 tamen
2079 1635 2248 1690 legatos

800 1689 853 1732 de
884 1702 992 1745 pace
1023 1691 1169 1732 mittit.

764 1749 866 1793 Cos.
897 1749 963 1790 ΕΙ.
988 1749 1223 1792 Severinus
1257 1751 1300 1791 et
1330 1749 1663 1805 Dagalaiphus.)
1723 1751 1986 1794 Maiorianus
2019 1764 2074 1793 ex
2108 1751 2250 1793 Gallia

799 1808 982 1850 Romam
1012 1808 1185 1851 rediens
1216 1809 1263 1850 in
1295 1809 1453 1851 castris
1487 1809 1628 1864 (apud
1658 1809 1922 1862 Dertonam)
1952 1811 2066 1866 Aug.
2100 1810 2141 1853 2.
2171 1823 2250 1866 per

799 1867 1060 1910 Ricimerem
1086 1868 1331 1924 patricium,
1364 1868 1487 1911 cuius
1518 1868 1694 1911 ambitio
1717 1869 1847 1911 talem
1868 1869 2109 1924 principem
2139 1869 2250 1911 ferre

803 1939 890 1969 non
929 1930 1120 1983 poterat,
1161 1929 1204 1969 et
1235 1927 1468 1983 dignitate,
1517 1930 1560 1970 et
1601 1928 1982 1983 quinque-diebus
2022 1931 2123 1984 post
2161 1929 2252 1970 vita

800 1987 1013 2042 privatur:
1053 2000 1132 2043 per
1170 1986 1356 2029 eundem
1384 1986 1633 2030 inconsulto
1664 1987 1812 2030 Leone
1843 1987 2076 2030 Ravennae
2117 1988 2251 2044 impe-

758 2078 766 2085 .
800 2048 918 2088 rator
947 2046 1087 2089 factus
1121 2049 1189 2089 est
1222 2046 1275 2089 19
1306 2046 1416 2089 Nov.
1447 2046 1598 2088 Libius
1627 2046 1938 2099 SEVERUS,
1970 2060 2050 2089 nec
2082 2047 2251 2089 virtuti-

799 2106 880 2148 bus
913 2118 992 2148 nec
1024 2106 1142 2148 vitiis
1177 2106 1397 2158 notabilis,
1429 2107 1589 2162 quippe
1619 2106 1694 2161 qui
1724 2109 1842 2149 totus
1874 2107 1919 2148 in
1958 2107 2075 2148 illius
2106 2110 2250 2162 poste-

804 2167 915 2207 state
947 2169 1078 2207 esset.
1130 2165 1282 2220 Itaque
1314 2166 1359 2206 in
1378 2165 1614 2221 provinciis
1646 2169 1899 2221 perpetuam
1931 2165 2145 2220 quandam
2176 2178 2251 2221 po-

801 2226 1003 2266 testatem
1024 2227 1188 2276 tenent,
1219 2225 1265 2265 in
1286 2224 1501 2266 Dalmatia
1521 2225 1805 2277 Marcellinus,
1834 2238 1912 2280 per
1935 2222 2099 2267 Gallias
2121 2225 2251 2279 Aeyi-

802 2284 907 2335 dius,
938 2283 1137 2339 magistri
1167 2283 1365 2325 militum.

765 2342 865 2386 Cos,
888 2342 1000 2398 Aug.
1022 2342 1112 2384 Leo
1135 2342 1282 2384 Thrax
1313 2342 1369 2394 11,
1400 2341 1465 2384 ΕΙ.
1489 2341 1641 2385 Libius
1672 2341 1892 2392 Seyerus.)
1956 2342 2143 2384 Vandali
2174 2355 2251 2396 per

801 2402 933 2444 hosce
965 2413 1100 2444 annos
1132 2402 1360 2457 piraticam
1391 2401 1593 2457 impuniti
1614 2403 1833 2454 exercent,
1865 2404 1910 2443 et
1939 2413 2088 2443 omnes
2119 2401 2250 2442 maris

802 2473 900 2503 oras
941 2461 1216 2516 populantur.
1293 2459 1542 2503 Geisericus
1581 2460 1824 2502 Eudoxiam
1863 2460 2037 2515 quidem
2076 2464 2120 2502 et
2157 2461 2250 2502 eius

803 2521 1013 2563 minorem
1042 2519 1177 2562 filiam
1207 2519 1445 2562 Placidiam
1475 2519 1608 2561 Leoni
1644 2520 1811 2574 petenti
1839 2520 2042 2572 remittit,
2083 2519 2161 2561 sed
2192 2519 2251 2560 al-

802 2582 938 2621 teram
970 2579 1208 2622 Eudociam
1236 2579 1471 2621 Hunnerico
1501 2578 1591 2621 filio
1623 2591 1703 2621 suo
1742 2579 1789 2621 in
1826 2579 2146 2621 matrimonium
2178 2578 2250 2620 de-

805 2639 940 2691 derat,
973 2641 1016 2681 et
1047 2639 1160 2682 bona
1182 2638 1478 2681 Valentiniani
1507 2639 1780 2694 imperatoris
1811 2638 1937 2694 quasi
1958 2637 2103 2679 dotem
2135 2636 2252 2679 effla-

805 2699 948 2754 gitans
983 2698 1224 2754 (simulque
1255 2697 1395 2750 Aetii,
1437 2697 1560 2740 cuius
1598 2696 1735 2740 filium
1768 2696 2058 2740 Gaudentium
2100 2696 2250 2738 itidem

805 2758 1024 2813 captivum
1045 2757 1306 2808 abduxerat)
1341 2757 1586 2812 speciosam
1609 2756 1714 2799 belli
1735 2769 1911 2815 causam
1931 2757 2144 2811 reperisse
2169 2755 2252 2797 sibi

805 2816 988 2859 videtur.

870 2877 1144 2918 Theodericus
1177 2874 1345 2919 Gothus
1377 2875 1507 2918 armis
1538 2888 1722 2931 regnum
1761 2887 1919 2930 augere
1951 2874 2121 2929 coepit,
2167 2871 2252 2914 fide

804 2935 1006 2978 exolutus
1039 2937 1193 2978 necato
1225 2935 1482 2977 Maioriano:
1515 2933 1718 2976 Narbone
1750 2935 1928 2989 potitur.

767 2998 867 3041 Cos,
899 2995 966 3037 ΕΙ.
998 2995 1189 3037 Basilius
1234 2997 1277 3036 et
1310 2992 1560 3046 Vivianus.)
1637 2993 1919 3036 Aurelianum
1959 3004 2128 3048 quoque
2179 3003 2252 3046 op-

804 3067 999 3110 pugnare
1040 3055 1221 3097 conatur
1261 3053 1580 3105 Theodoricus,
1631 3052 1708 3095 sed
1746 3065 1893 3108 pugna
1931 3054 2159 3107 superatus
2200 3051 2252 3092 ab

805 3113 991 3169 Aegidio
1022 3113 1258 3168 repellitur.
1322 3112 1618 3155 Veruntamen
1649 3127 1727 3166 per
1756 3112 1991 3166 Hispanias
2028 3112 2138 3152 solus
2157 3111 2254 3164 sere

807 3175 990 3227 imperat,
1024 3173 1111 3215 nisi
1141 3172 1257 3228 quod
1287 3184 1386 3214 cum
1408 3171 1564 3214 Suevis
1596 3171 1758 3213 bellum
1786 3170 2023 3227 gerendum
2054 3172 2147 3221 est,
2180 3169 2254 3224 qui

807 3233 1019 3289 reparatis
1058 3232 1244 3284 viribus,
1283 3244 1361 3287 per
1394 3230 1643 3273 Galaeciam
1682 3233 1726 3272 et
1763 3230 2056 3282 Lusitaniam,
2096 3240 2253 3283 magno

807 3304 905 3334 cum
938 3291 1195 3333 detrimento
1227 3289 1572 3346 provincialium,
1605 3289 1891 3331 dominantur.

771 3352 871 3396 Cos.
903 3349 969 3393 ΕΙ.
994 3350 1216 3402 Rusticus,
1247 3351 1313 3391 Fl.
1334 3349 1508 3391 Anicius
1544 3349 1736 3404 Olybrius
1767 3349 1838 3391 Or.
1872 3370 1928 3376 —
1960 3347 2031 3389 hic
2064 3346 2251 3402 quidem,

812 3423 911 3452 cum
941 3409 1178 3451 Placidiam
1215 3409 1262 3451 in
1300 3409 1617 3450 matrimonium
1658 3408 1877 3460 duxisset,
1917 3407 2045 3448 aliam
2084 3416 2252 3460 quoque

813 3481 989 3512 causam
1026 3468 1263 3523 praedandi
1296 3467 1519 3511 Geiserico
1560 3467 1758 3520 dederat,
1797 3468 1956 3523 quippe
1995 3465 2069 3520 qui
2104 3466 2253 3518 postu-

810 3528 942 3582 laret,
983 3530 1031 3570 ut
1061 3527 1203 3570 affinis
1244 3540 1349 3570 suus
1382 3529 1616 3584 imperator
1654 3527 1790 3572 fieret.
1818 3538 1822 3542 ’
1860 3527 1979 3569 Inter
2012 3523 2176 3567 Gothos
2209 3523 2254 3565 et
