2392 4016
590 152 642 191 ab
673 163 777 191 anno
810 164 851 203 p.
874 149 969 191 chr.
991 152 1076 191 412
1110 163 1237 203 usque
1269 152 1322 193 ad
1353 164 1504 193 annum
1527 153 1627 193 429.
2034 154 2117 199 195

206 323 214 332 .
234 299 274 332 C.
336 309 369 333 u.
386 309 417 332 c.
481 300 527 332 im
557 322 566 331 .
1079 305 1101 319 ⁶

178 310 201 341 p
530 308 554 340 p
663 342 797 387 ferme
830 346 1024 401 tempore
1047 343 1282 390 Germania
1312 345 1511 402 superior
1541 342 1746 398 (Alsatia)
1778 345 1823 389 in
1847 342 2117 403 Burgundio·

506 461 533 506 2
628 402 991 505 61ωῶιίιηίἳίτίος
1020 401 1066 447 in
1094 402 1363 448 Francorum
1424 403 1720 474 ossessiqnem
1752 408 1959 449 cesserat.

177 463 267 567 23?
331 463 446 567 1173
495 462 565 588 ᾗ
628 473 730 564 ng:
751 460 1360 580 Eusetztgisdgseexggriglagt
1408 464 1675 567 &22:¹12ae
1698 462 1923 578 Algssustns
1954 526 1999 566 et
2028 524 2117 567 col·

506 595 562 639 14
661 579 762 638 lega
791 581 965 638 imperii
994 579 1022 624 8
1051 580 1181 626 Febr.
1213 580 1459 627 declaratur
1489 582 1544 627 ab
1574 580 1783 635 Honorio,
1821 581 1900 626 sed
1930 583 2116 639 septimo

662 652 812 684 mense
874 641 946 684 ost
975 639 1089 684 diem
1111 652 1362 710 supremum
1384 639 1489 685 obit.
1550 639 1774 686 Britannis
1805 638 2013 684 auxilium
2045 640 2117 685 ad-

661 711 816 744 versus
875 699 987 743 ictos
1018 699 1270 756 petentibus
1301 712 1388 744 una
1418 699 1534 757 legio
1556 699 1754 744 Romana
1774 700 1975 752 mittitur,
2006 713 2117 756 quae

660 757 861 803 barbaris
899 756 1143 816 profligatis
1181 758 1482 816 limitibusque
1513 759 1716 812 munitis,
1756 759 1802 802 in
1835 757 2021 803 Galliam
2053 773 2117 803 re·

661 817 857 862 vertitur.

721 875 995 920 Theodosius
1016 874 1100 919 hoc
1131 880 1243 920 anno
1265 876 1510 931 Eudociam,
1530 875 1720 931 Leontii,
1742 877 1965 934 sophistae
1986 877 2117 922 Athe-

660 935 841 989 niensis,
871 933 1005 979 filiam
1038 934 1267 989 (Athenais
1296 938 1397 980 ante
1419 936 1685 994 baptismum
1714 936 1992 990 vocabatur),
2023 938 2118 996 pul·

662 994 905 1039 chritudine
927 997 971 1039 et
992 994 1184 1053 eleganti
1215 994 1414 1040 doctrina
1433 999 1742 1053 praestantem,
1772 996 2117 1040 commendatam

662 1055 747 1101 sibi
787 1068 814 1097 a
851 1053 1106 1108 Pulcheria,
1154 1055 1199 1099 in
1238 1056 1562 1100 matrimonium
1602 1055 1739 1101 ducit.
1806 1055 1978 1099 Bellum
2017 1069 2116 1100 cum

662 1114 860 1167 Varane,
891 1113 1125 1159 Persarum
1156 1115 1283 1172 rege,
1316 1127 1553 1173 oppressae
1584 1115 1811 1173 religionis
1844 1114 2116 1160 Christianae

235 1199 237 1201 -
661 1186 797 1218 causa
818 1175 1087 1230 susceptum,
1108 1186 1317 1231 prospere
1339 1187 1418 1232 per
1431 1174 1712 1219 Ardebat-ium
1729 1174 1914 1219 Alanum
1937 1176 2116 1233 geritur.

174 1234 262 1280 422
328 1232 442 1280 1175
502 1233 561 1279 28
624 1232 726 1278 Cos.
747 1232 892 1290 Augg.
915 1232 1135 1276 Honorius
1157 1231 1284 1288 XIII,
1307 1233 1582 1279 Theodosius
1603 1233 1683 1288 X.)
1735 1234 1828 1278 Pax
1849 1248 1947 1278 cum
1969 1235 2116 1278 Persis

502 1293 562 1354 fg
661 1293 707 1337 in
741 1291 827 1337 100
849 1303 988 1337 annos
1021 1292 1172 1349 aequis
1205 1293 1536 1338 condicionibus
1569 1294 1857 1351 componitur.
1909 1294 2119 1346 (Duravit

355 1404 359 1408 .
663 1355 781 1398 certe
812 1364 891 1408 per
922 1350 982 1396 30
1012 1350 1186 1405 annos.)

174 1413 262 1458 423
329 1413 442 1465 1176
506 1411 562 1457 29
626 1411 727 1456 Cos.
767 1409 1080 1468 Asclepiodoto
1130 1414 1174 1455 et
1210 1410 1451 1457 Mariniano
1493 1411 1560 1457 18.
1601 1410 1692 1456 Cal.
1733 1412 1855 1469 Sept.
1894 1413 2116 1465 Honorius,

499 1472 558 1530 ’1‘6
660 1471 817 1515 aetatis
849 1483 887 1513 a.
920 1469 993 1515 39.
1024 1483 1163 1527 paene
1195 1470 1394 1528 expleto,
1433 1471 1668 1516 Ravennae
1710 1473 1914 1525 moritur,
1952 1472 2116 1516 Romae

665 1529 721 1573 ad
752 1529 904 1573 aedem
936 1529 976 1572 d.
1000 1528 1120 1573 Petri
1152 1529 1378 1587 sep'elitur.

174 1592 263 1637 424
327 1590 440 1635 1177
626 1588 728 1634 Cos.
763 1587 970 1632 Castinus
1004 1586 1208 1642 (Occid.)
1247 1591 1292 1632 et
1321 1588 1507 1641 Victor.)
1571 1587 1680 1633 Cum
1712 1589 1908 1634 Placidia
1944 1590 1999 1633 ab
2031 1590 2117 1634 Ho-

659 1648 786 1718 norio
805 1647 935 1717 pulsa
956 1660 1055 1691 cum
1083 1646 1173 1692 filio
1197 1647 1579 1706 Constantinopoli
1600 1652 1861 1718 yersaretur,
1891 1649 2116 1692 lamnas

659 1707 1485 1824 {ifflssffiz..fflgzfflzvssssfitz
1504 1708 2116 1820 ffiffstsuffihssz‘laet-ssffi

662 1825 910 1871 Constantii
952 1828 998 1868 et
1034 1825 1255 1876 Placidiae
1342 1826 1455 1880 ium,
1496 1825 1698 1870 Caesaris
1739 1827 1951 1883 dignitate
1991 1832 2118 1871 ornat

659 1885 907 1942 bellumque
939 1886 1093 1929 contra
1121 1886 1355 1942 tyrannum
1395 1887 1532 1943 parat.
1593 1886 1857 1930 Ardaburius
1887 1890 1932 1931 et
1960 1887 2115 1942 Aspar,

662 1945 757 1989 eius
787 1943 920 2001 filius,
953 1956 1052 1988 cum
1084 1944 1281 1988 exercitu
1311 1944 1556 1990 mittuntur.

172 2005 260 2051 425
324 2005 439 2050 1178
621 2003 722 2049 Cos.
749 2003 1025 2048 Theodosius
1055 2003 1170 2060 Aug.
1191 2003 1260 2048 XI
1291 2005 1336 2048 et
1356 2003 1690 2049 Valentinianus
1724 2003 1919 2055 Caesar.)
1972 2003 2114 2061 Aspar

503 2078 557 2123 18
655 2062 859 2121 Aquileia
887 2063 1074 2120 potitur,
1104 2062 1374 2108 Ardaburius
1415 2063 1468 2108 ab
1500 2063 1700 2108 hostibus
1732 2065 1924 2120 capitur,
1962 2076 2113 2107 verum

567 2149 569 2151 -
661 2136 713 2167 ea
752 2123 1075 2180 opportunitate
1107 2134 1213 2167 usus
1227 2155 1238 2176 ,
1279 2122 1381 2166 dum
1424 2123 1623 2180 captivus
1654 2123 1888 2168 Ravennae
1927 2126 2112 2176 tenetur,

656 2181 900 2239 praefectos
946 2182 1125 2238 tyranni
1169 2181 1420 2239 corrumpit.
1499 2181 1614 2227 Urbs
1662 2181 1860 2238 proditur
1873 2215 1885 2236 ,
1925 2181 2111 2227 Ioannes

660 2240 877 2299 supplicio
909 2239 1109 2285 afficitur.
1170 2239 1323 2298 Itaque
1363 2240 1908 2295 VALENTINIANUS,
1947 2254 2055 2298 puer
2086 2241 2113 2284 6

657 2313 894 2355 annorum,
935 2313 961 2343 a
991 2299 1241 2344 Theodosio
1271 2299 1461 2357 patrueli
1490 2300 1687 2354 adiutus,
1729 2300 1894 2345 Romae
1926 2299 1984 2344 23
2015 2300 2111 2344 Oct.

658 2358 888 2417 Augustus
928 2359 1190 2413 nominatur,
1231 2359 1356 2404 cuius
1387 2360 1562 2404 nomine
1594 2359 1791 2403 Placidia
1820 2360 2003 2416 imperio
2034 2372 2112 2415 per

660 2418 717 2464 25
740 2431 878 2463 annos
911 2420 1087 2474 praeest
1116 2416 1269 2471 (mort.
1291 2431 1329 2461 a.
1351 2417 1483 2472 450),
1514 2418 1669 2463 mulier
1698 2419 1833 2462 tantis
1864 2419 1995 2462 rebus
2027 2431 2111 2462 non

659 2477 830 2522 idonea.
891 2478 1040 2521 Aetius
1061 2489 1146 2533 quo
1181 2489 1249 2531 ue,
1280 2489 1409 2533 quem
1440 2476 1626 2521 Ioannes
1649 2477 1875 2521 dimiserat
1904 2477 1959 2520 ad
1990 2490 2112 2520 exer-

661 2537 796 2582 citum
827 2535 1084 2580 Hunnorum
1181 2534 1452 2590 ducendum,
1499 2535 1545 2580 in
1582 2537 1768 2593 gratiam
1809 2549 1907 2580 cum
1938 2535 2110 2580 Valent.

660 2595 787 2640 redit.
848 2593 968 2649 (Sed
998 2595 1053 2639 ab
1085 2607 1136 2639 eo
1157 2597 1367 2652 tempore,
1400 2597 1449 2639 ut
1468 2593 1653 2647 videtur,
1685 2598 1866 2652 utraque
1888 2595 2114 2640 Pannonia

659 2657 704 2699 et
718 2654 936 2699 Dalmatia
954 2654 1069 2699 inter
1089 2654 1337 2711 provincias
1359 2653 1533 2711 imperii
1551 2653 1774 2700 orientalis
1798 2654 2110 2705 numerantur.)

172 2714 260 2761 426
325 2716 438 2761 1179
531 2714 557 2760 2
621 2715 722 2760 Cos.
755 2713 900 2771 Augg.
934 2713 1208 2758 Theodosius
1239 2712 1330 2757 XII
1371 2715 1415 2757 et
1445 2712 1779 2758 Valentinianus
1811 2713 1893 2766 11.)
1954 2713 2111 2757 Valen-

498 2775 557 2833 ’ᾗ
657 2772 813 2818 tiniani
844 2773 1022 2817 nomine
1053 2772 1127 2817 lex
1148 2772 1200 2816 de
1233 2773 1456 2830 responsis
1478 2771 1738 2830 prudentum
1770 2772 1993 2826 emittitur,
2025 2775 2111 2816 sta·

660 2833 882 2889 tuiturque
921 2844 1032 2889 quae
1062 2830 1266 2877 ICtorum
1310 2831 1476 2889 scripta
1511 2831 1557 2877 in
1596 2831 1772 2876 iudiciis
1808 2832 2110 2876 auctoritatem

659 2891 819 2937 habere
850 2890 1050 2936 debeant.

171 2952 260 2998 427
326 2952 441 2998 1180
531 2951 559 2997 3
621 2950 723 2996 Cos.
754 2950 932 2995 Hierius
964 2953 1009 2995 et
1037 2949 1322 2995 Ardaburius.

172 3011 261 3055 428
326 3012 435 3056 1181
499 3011 559 3077 -4
622 3009 722 3056 Cos.
762 3009 911 3055 Felice
951 3012 995 3054 et
1034 3010 1178 3054 Tauro
1216 3008 1370 3053 Aetius
1422 3006 1608 3053 Galliam
1646 3020 1853 3066 prospere
1901 3007 2110 3052 adversus

657 3070 851 3115 Francos
890 3081 1125 3139 eorumque
1174 3081 1321 3125 regem
1363 3065 1617 3138 clodionem
1658 3068 1806 3119 (cuius
1845 3067 1972 3137 sedes
2014 3067 2110 3113 Dis·

659 3142 738 3233 ἒξ*
739 3127 1383 3245 ffiffffl‘zmssffiss‘ag
1384 3124 2109 3244 {ffltssarit¹52⁰31.‘,¹333:113¹¹2003?3

658 3246 771 3292 Nam
790 3245 1044 3292 Bonifacius
1075 3258 1237 3299 comes,
1269 3243 1466 3289 eiusdem
1486 3243 1603 3289 Astii
1635 3244 1747 3289 dolis
1770 3246 2108 3297 circumventus,

659 3320 758 3352 cum
798 3319 845 3351 se
878 3318 963 3351 non
995 3305 1190 3349 revocari
1231 3316 1286 3348 ex
1316 3302 1466 3349 Africa
1503 3304 1589 3350 nisi
1628 3304 1683 3348 ad
1723 3303 1984 3362 supplicium
2019 3304 2109 3361 opi·

660 3369 858 3420 naretur,
889 3379 915 3409 a
946 3363 1253 3410 Valentiniano
1285 3361 1456 3418 deficit,
1496 3366 1541 3408 et
1582 3364 1854 3407 Vandalerun·
1894 3365 2106 3406 maim

659 3442 710 3469 ex
739 3426 952 3480 Hispania
983 3424 1165 3467 arcessit.

173 3481 261 3526 429
326 3481 438 3527 1182
531 3483 560 3529 5
621 3484 722 3529 Cos.
756 3483 1004 3528 Florentius
1036 3486 1080 3527 et
1109 3481 1385 3539 Dionysius.)
1447 3480 1695 3527 Transeunt
1730 3497 1817 3525 cun·
1847 3498 1943 3539 roy·
1970 3481 2108 3526 Gein-

1688 3551 1772 3596 18*
