2392 4016
354 164 410 208 98
635 158 643 165 ’
971 189 974 193 -
1123 160 1300 201 Annales
1331 162 1502 202 Romani

355 309 483 341 mehr.
559 317 639 340 u-c·
801 350 883 407 Ap·
917 350 1125 394 Claudius
1166 363 1254 394 003.
1297 352 1371 406 qui
1409 350 1577 394 Italiam
1615 365 1735 408 prov.
1777 356 2025 409 acceperat,
2069 354 2277 410 gloriolae

745 410 943 453 militaris
975 410 1172 466 cupidus,
1205 423 1302 452 cum
1334 410 1550 463 Salassos,
1591 414 1764 468 gentem
1795 412 2011 468 Alpinam,
2043 413 2278 456 invasisset

747 469 926 570 agfrique
956 472 1078 525 parte
1110 469 1352 570 ipulgasstet,
1384 469 1763 571 inililispusenatus
1797 475 1841 514 et
1871 484 1969 527 pop.
2004 473 2164 515 maiore
2197 485 2276 516 sua

743 542 788 571 111
808 541 1094 583 amla,⁴quam
1144 541 1198 570 au
1231 541 1253 570 e
1304 541 1443 583 riump
1475 541 1500 570 a
1521 561 1530 571 .

802 587 982 630 Praetor
1012 587 1201 629 urbanus
1233 587 1287 628 M.
1318 586 1530 630 Aemilius
1562 587 1768 644 Lepidus,
1808 589 2037 645 peregrino
2070 602 2274 645 proroga-

742 648 812 688 tur
843 645 1069 701 imperium
1102 657 1214 688 novo
1245 658 1377 688 more.

383 709 467 752 142
551 707 636 750 612
699 704 798 747 Cos.
831 705 886 746 L.
924 705 1125 746 Caecilius
1159 705 1352 747 Metellus
1387 704 1556 757 Calvus,
1608 704 1657 753 Ω.
1689 707 1845 748 Fabius
1874 707 1994 748 Max.
2026 707 2246 748 Servilian.
2249 709 2274 756 )

400 780 403 781 ⁷
744 762 793 815 Q.
824 763 988 806 Fabius
1030 775 1120 806 cos.
1154 763 1278 814 (nam
1309 763 1418 806 alter
1449 776 1538 806 cos.
1572 763 1742 807 Italiam
1773 768 1816 807 et
1849 764 2034 808 Galliam
2067 765 2277 816 habebat)

743 835 900 878 magno
941 835 1039 864 cum
1077 823 1272 865 exercitu
1312 822 1406 865 adv.
1429 822 1674 877 Viriathum
1703 823 1944 880 profectus,
1986 824 2093 866 nihil
2133 827 2278 867 tamen

742 881 1019 923 memorabile
1051 881 1177 937 gerit,
1211 894 1349 936 neque
1379 876 1503 924 illum
1533 882 1578 924 in
1609 881 1881 925 Lusitaniam
1911 884 2143 926 abeuntem
2177 895 2278 925 con-

750 940 874 994 sequi
895 941 1053 995 potest.
1103 939 1175 991 (L.
1197 939 1404 993 Fannius,
1436 953 1569 996 gener
1591 940 1640 984 G.
1661 941 1813 994 Laelii,
1846 942 1943 984 trib.
1967 942 2076 994 mil.)
2126 941 2175 993 Q
2192 942 2278 984 Me-

742 998 872 1040 tellus
903 1010 1074 1055 procos.
1106 999 1153 1040 in
1184 999 1381 1041 citeriore
1412 1011 1532 1053 prov
1557 998 1872 1043 Celtiberorum
1903 1002 2071 1044 animos
2103 1000 2277 1057 frangit,

741 1056 972 1099 severitate
1001 1057 1163 1110 pariter
1194 1058 1238 1098 et
1268 1056 1497 1099 clementia
1527 1057 1683 1100 clarus.
1743 1059 2136 1116 Pseudophilippus
2170 1060 2278 1102 alter

739 1115 784 1156 in
814 1114 1067 1156 Macedonia
1097 1127 1122 1156 a
1151 1114 1200 1156 L.
1234 1114 1466 1158 Tremellio
1497 1115 1651 1158 Scrofa
1681 1120 1847 1171 quaest.
1888 1120 2099 1174 praetoris
2130 1118 2182 1161 A
2205 1118 2276 1160 Li-

740 1173 845 1216 cinii
873 1173 1042 1219 Nervae
1071 1173 1337 1228 opprimitur.

802 1231 930 1274 Gens.
962 1232 1011 1274 P.
1046 1231 1193 1287 Scipio
1223 1232 1471 1285 Africanus,
1509 1230 1558 1274 L.
1591 1232 1838 1287 Mummius,
1877 1247 1958 1278 1160
1988 1235 2164 1292 ingenio
2197 1248 2276 1280 nec

738 1291 930 1338 moribus
963 1292 1270 1338 convenientes
1304 1291 1449 1343 (lustr.
1483 1291 1582 1342 57).

383 1353 463 1395 141
549 1351 634 1394 613
697 1350 796 1394 Cos.
835 1351 905 1392 Cn.
936 1350 1140 1392 Servilius
1175 1351 1339 1404 Caepio,
1377 1350 1425 1399 Ω.
1457 1351 1686 1405 Pompeius,
1725 1350 1854 1394 homo
1885 1365 2022 1395 novus
2056 1352 2102 1395 C.
2128 1352 2275 1396 Laelio

740 1409 909 1452 deiecto
942 1421 1032 1452 cos.
1063 1408 1236 1460 factus.)
1285 1409 1334 1460 Q.
1365 1406 1527 1452 Fabius
1551 1409 1824 1453 Servilianus
1838 1411 1885 1452 in
1906 1411 2146 1464 Lusitania,
2178 1425 2276 1467 pro-

740 1481 834 1524 rog.
874 1469 976 1524 imp.
1016 1468 1142 1510 initio
1172 1481 1378 1524 prospere
1410 1481 1501 1511 rem
1532 1469 1658 1524 gerit,
1701 1469 1779 1511 sed
1816 1469 1918 1511 dum
1948 1470 2176 1513 Erisanam
2207 1484 2275 1513 ur-

738 1527 839 1569 bem
870 1530 1111 1583 oppugnat,
1138 1527 1347 1570 ·Viriatho
1388 1529 1638 1583 erumpente
1675 1528 1721 1570 in
1760 1530 1984 1584 angustias
2024 1530 2274 1585 compulsus

739 1599 892 1641 pacem
924 1599 1022 1628 011111
1054 1598 1104 1628 eo
1136 1587 1286 1642 aequis
1319 1586 1647 1629 condicionibus
1679 1585 1796 1630 facit.
1846 1586 1894 1639 Q.
1917 1588 2149 1644 Pompeius
2184 1601 2274 1631 cos.

738 1644 865 1696 (alter
896 1657 985 1687 cos.
1017 1644 1187 1686 Italiam
1219 1647 1262 1687 et
1294 1644 1480 1688 Galliam
1511 1644 1716 1695 habebat)
1749 1658 1848 1688 cum
1881 1647 2128 1689 citeriorem
2149 1647 2273 1703 Hisp.

743 1716 768 1745 a
800 1702 848 1754 Q.
879 1703 1052 1745 Metello
1083 1717 1220 1758 paene
1253 1704 1476 1746 subactam
1509 1705 1771 1759 accepisset,
1811 1705 1972 1748 bellum
2004 1709 2155 1749 contra
2186 1706 2275 1749 Nu-

739 1762 954 1804 mantinos
984 1764 1027 1804 et
1042 1761 1353 1815 Termestinos,
1383 1775 1501 1804 arma
1513 1763 1684 1816 tradere
1700 1763 1912 1816 nolentes,
1942 1777 2082 1818 orsus,
2117 1768 2275 1807 utram-

742 1833 824 1875 que
855 1821 1007 1862 urbem
1045 1820 1206 1862 frustra
1236 1821 1418 1863 obsidet.
1462 1843 1519 1849 —
1558 1821 1607 1864 P.
1638 1822 1808 1865 Mucius
1839 1823 2050 1866 Scaevola
2079 1825 2177 1867 trib.
2212 1824 2271 1879 pl.

739 1879 790 1921 In
828 1879 1124 1922 Macedoniam
1175 1880 1370 1922 succedit
1407 1880 1459 1922 D.
1499 1880 1650 1923 Iunius
1690 1880 1866 1932 Silanus
1906 1883 2147 1925 Manlianus
2192 1896 2271 1938 pr.,

742 1939 817 1993 qui
846 1939 1180 1998 repetundarum
1211 1941 1442 1982 accusatus
1473 1952 1499 1980 a
1527 1941 1650 1995 patre
1682 1940 1869 1985 naturali
1901 1941 1951 1983 T.
1983 1942 2142 1984 Manlio
2166 1941 2271 1984 Tor-

739 1999 869 2052 quato
901 1995 1079 2052 punitur
1112 1997 1230 2049 (Liv.
1264 2011 1330 2054 ep.
1363 1996 1480 2050 54).-

379 2059 463 2101 140
544 2057 630 2100 614
692 2055 792 2099 Cos.
831 2057 875 2098 C.
906 2057 1080 2098 Laelius
1110 2057 1302 2111 Sapiens,
1345 2057 1393 2105 Ω.
1424 2057 1628 2099 Servilius
1663 2056 1854 2112 Caepio.)
1914 2057 1982 2100 Ex
2011 2059 2068 2101 iis
2099 2058 2273 2102 Laelius

739 2115 891 2157 Italiae
921 2118 1115 2170 praeest,
1159 2115 1207 2167 Q.
1242 2116 1452 2158 Servilius
1491 2129 1644 2171 pacem
1683 2130 1709 2159 a
1745 2116 1876 2159 fratre
1909 2129 1988 2159 suo
2019 2130 2118 2160 cum
2148 2117 2274 2161 Lusi-

737 2174 852 2216 tanis
891 2174 1049 2216 factam
1092 2172 1324 2227 rescindit,
1366 2177 1409 2217 et
1440 2175 1706 2228 Viriathum,
1748 2188 1846 2217 cum
1878 2175 1932 2218 ad
1971 2188 2121 2219 omnes
2150 2178 2273 2232 pacis

742 2232 1042 2285 condiciones,
1082 2233 1210 2275 modo
1249 2246 1302 2274 ne
1343 2247 1460 2275 arma
1490 2233 1689 2276 Lusitani
1724 2234 1964 2287 traderent,
2008 2235 2273 2279 descendere

742 2291 886 2342 vellet,
919 2291 1030 2334 clam
1059 2304 1137 2346 per
1166 2292 1408 2347 proditores
1441 2293 1759 2344 interficiendum
1789 2302 1919 2334 curat.
1975 2293 2023 2345 Q.
2041 2294 2273 2350 Pompeius

740 2362 911 2406 procos.
952 2351 1165 2392 citerioris
1197 2350 1379 2406 Hispan.
1419 2364 1445 2392 a
1474 2351 1758 2405 Numantinis,
1799 2365 1907 2407 quos
1948 2351 2109 2396 frustra
2150 2354 2275 2397 obse-

702 2412 704 2414 ’
742 2409 877 2461 derat,
910 2408 963 2450 ad
993 2421 1146 2464 pacem
1176 2408 1419 2452 faciendam
1450 2410 1651 2466 adigitur.

797 2467 1005 2510 Nascitur
1034 2467 1084 2510 L.
1114 2468 1310 2511 Licinius
1344 2468 1529 2512 Crassus
1561 2471 1718 2540 orator,
1756 2470 1946 2513 triennio
1979 2473 2078 2514 ante
2107 2470 2163 2514 M.
2184 2470 2273 2515 An-

592 2554 596 2556 -
738 2527 884 2569 10111118
916 2529 1073 2568 orator.

380 2585 462 2628 139
543 2583 628 2628 615
691 2583 790 2628 Cos.
823 2586 897 2626 Cn.
936 2585 1180 2639 Calpurnius
1210 2586 1322 2638 Piso,
1354 2586 1418 2628 Μ
1439 2586 1643 2640 Popillius
1661 2587 1829 2643 Laenas
1843 2585 1902 2638 ⁸¹).
1955 2587 2004 2639 Q.
2025 2587 2273 2644 Pompeius,

743 2657 841 2686 cum
873 2657 1104 2687 successor
1132 2645 1187 2687 M.
1219 2645 1375 2700 Popill.
1410 2646 1627 2698 venisset,
1667 2659 1822 2701 pacem
1859 2659 1907 2690 se
1939 2646 2097 2690 fecisse
2127 2651 2271 2703 negat,

740 2716 880 2758 neque
900 2703 1154 2746 Numantini
1174 2704 1337 2748 Romae
1367 2704 1436 2748 ius
1468 2717 1595 2747 suum
1626 2705 1834 2754 obtinent.
1886 2705 1986 2762 Ipse
2008 2706 2172 2750 Romae
2203 2720 2272 2750 60-

464 2875 510 2929 *)
555 2878 692 2917 Ε116111
722 2879 766 2916 111
798 2879 983 2917 consules
1014 2879 1132 2917 ambo
1166 2891 1219 2919 ex
1249 2880 1368 2929 plebe
1400 2882 1542 2928 creati,
1585 2882 1694 2930 quod
1723 2893 1815 2920 cum
1844 2883 1921 2920 hac
1952 2886 2083 2921 aetate
2114 2887 2155 2921 et
2184 2895 2271 2922 sae-

347 2938 508 2985 pissime
538 2938 620 2985 fiat,
654 2942 695 2974 et
724 2939 775 2975 ab
807 2938 907 2987 ipsis
933 2938 1126 2975 Romanis
1157 2943 1350 2987 tanquam
1379 2952 1440 2978 res
1471 2939 1623 2978 nullius
1653 2941 1846 2979 momenti
1876 2942 2117 2991 negligatur,
2150 2954 2269 2991 porro

348 3001 540 3034 annotare
571 2998 932 3044 supersedebimus.
977 2996 1178 3034 Nimirum
1211 2999 1422 3036 discrimen
1452 3000 1632 3048 gentium
1663 3000 1925 3047 patriciarum
1955 3013 2003 3038 ac
2023 3001 2270 3049 plebeiarum

348 3055 429 3092 iam
460 3056 615 3103 pridem
646 3056 704 3092 ita
735 3056 980 3102 exoleverat,
1012 3059 1058 3093 ut
1086 3056 1189 3093 nihil
1221 3061 1325 3094 esset
1360 3058 1402 3094 111
1431 3070 1530 3106 rep„
1565 3059 1674 3106 quod
1703 3058 1852 3107 plebeii
1882 3060 1967 3096 iure
1999 3061 2157 3108 assequi
2187 3072 2270 3098 non

348 3118 530 3162 possent:
563 3115 640 3151 hoc
671 3118 827 3152 tantum
858 3119 1040 3153 vetustae
1069 3115 1276 3164 religionis
1298 3127 1419 3153 causa
1440 3117 1688 3163 servabatur,
1721 3122 1768 3154 ut
1787 3118 2005 3166 interreges
2028 3123 2068 3156 et
2088 3119 2270 3157 flamines

349 3174 517 3210 maiores
547 3185 629 3210 non
659 3177 895 3221 caperentur
923 3175 1002 3212 nisi
1033 3186 1086 3212 ex
1116 3175 1309 3222 patriciis.
1356 3174 1419 3212 Cf.
1453 3173 1539 3213 Cic.
1572 3177 1620 3212 de
1653 3177 1759 3213 dom.
1791 3177 1862 3215 38.
1893 3176 1983 3214 Liv.
2001 3179 2042 3224 4,
2068 3178 2136 3216 54.
2183 3178 2268 3215 Iam

348 3243 440 3269 vero
472 3232 582 3269 aliud
613 3232 838 3280 discrimen,
870 3236 917 3269 ut
945 3233 1002 3280 fit,
1037 3237 1166 3270 ortum
1199 3238 1284 3271 erat
1313 3234 1416 3271 inter
1446 3235 1626 3272 homines
1656 3234 1807 3272 nobiles
1835 3239 1876 3273 et
1896 3236 2108 3284 ignobiles,
2140 3248 2269 3285 neque

349 3291 501 3327 minore
531 3291 730 3328 industria
760 3302 860 3339 opus
891 3296 977 3328 erat
1005 3304 1191 3329 novorum
1223 3293 1431 3331 hominum
1462 3295 1514 3331 ad
1543 3294 1810 3342 effringendos
1830 3294 2056 3333 nobilitatis
2079 3307 2267 3342 carceres,

349 3350 494 3396 quibus
526 3351 758 3388 consulatus
789 3351 1077 3398 circumseptus
1108 3352 1337 3399 tenebatur,
1378 3363 1499 3400 quam
1539 3353 1635 3390 olim
1667 3353 1978 3392 fortissimorum
2008 3354 2169 3392 illorum
2199 3355 2269 3391 tri-

349 3408 560 3455 bunorum,
598 3410 667 3455 qui
698 3409 829 3457 plebis
860 3409 947 3445 iura
978 3410 1250 3448 defenderant.
1312 3410 1392 3449 Sed
1422 3413 1521 3449 haec
1553 3412 1595 3449 111
1626 3412 1795 3460 singulis
1825 3413 2066 3450 hominibus.
2130 3412 2267 3460 Longe

350 3467 533 3513 graviora
562 3468 701 3506 eodem
731 3469 813 3505 fere
843 3471 1022 3516 tempore
1043 3470 1260 3508 certamina
1287 3471 1532 3518 optimatium
1560 3481 1607 3508 ac
1627 3469 1887 3518 popularium
1917 3472 2149 3518 extiterunt,
2181 3471 2267 3520 qui-

350 3524 425 3562 bus
455 3525 539 3574 ipse
570 3531 698 3564 status
727 3528 825 3575 reip.
857 3528 1114 3565 vehementer
1143 3539 1370 3576 concussus,
1403 3533 1444 3568 et
1474 3530 1527 3567 ad
1557 3533 1779 3568 extremum
1810 3530 2088 3579 pessumdatus
2119 3535 2192 3568 est.
