2392 4016
413 237 496 283 152

411 393 449 425 p.
463 384 501 416 C.
569 392 650 415 u.c.
711 382 796 423 imp.

702 1903 787 1948 pot.

454 3538 511 3582 70
574 3538 660 3582 823

1187 235 1366 275 Annales
1396 237 1567 275 Romani

865 429 930 472 Eo
971 429 1120 471 nuntio
1160 429 1339 482 accepto
1373 425 1513 470 Galba
1542 426 1704 469 Romae
1734 426 1785 469 L.
1817 426 2019 468 Pisonem
2051 424 2340 475 Licinianum,

868 487 1054 530 nobilem
1079 489 1123 529 et
1143 486 1386 529 modestum
1408 485 1743 538 adolescentem,
1774 486 1829 527 M.
1854 484 2014 527 Crasso
2046 486 2090 526 et
2113 483 2343 526 Scribonia

866 547 1075 602 genitum,
1115 545 1199 588 sibi
1231 544 1429 599 adoptat,
1469 543 1547 587 sed
1576 544 1945 600 praetorianorum
1977 543 2146 585 animos
2179 543 2340 585 omisso

868 605 1070 648 donativo
1109 604 1248 660 magis
1291 603 1422 646 etiam
1460 603 1614 646 irritat.
1684 602 1835 659 Itaque
1875 603 1928 643 L.
1970 602 2140 643 Salvius
2177 601 2343 643 OTHO

873 665 1074 715 Titianus,
1106 663 1182 718 qui
1211 664 1256 705 et
1282 662 1377 718 ipse
1410 662 1686 718 adoptionem
1708 663 1969 718 speraverat,
2002 660 2342 702 coniurationem

870 723 964 775 init,
997 725 1041 764 et
1071 722 1299 776 Imperator
1330 735 1355 763 a
1384 721 1595 764 militibus
1627 722 1884 763 declaratur.-
1926 719 2078 770 Galba,
2120 719 2237 770 Piso,
2269 719 2343 761 Vi-

872 783 973 825 nius
1007 780 1235 826 Cornelius
1265 779 1397 833 Laco,
1429 779 1563 836 praef.
1595 779 1827 835 praetorio,
1867 779 2025 834 aliique
2057 777 2181 820 foede
2213 778 2345 820 truci-

871 841 1040 892 dantur,
1072 839 1112 882 d.
1148 839 1216 882 15.
1237 838 1328 881 Ian.

927 900 1109 941 Paratur
1138 899 1294 954 ingens
1327 897 1380 941 de
1410 898 1592 954 imperio
1625 899 1856 940 certamen.
1918 895 1971 938 A.
1995 894 2197 947 Caecina,
2230 895 2360 952 aVi-⁸

874 958 995 1000 tellio
1033 958 1320 1013 praemissus,
1359 956 1494 1012 Alpes
1533 956 1751 999 Penninas
1784 954 2055 1010 Galliamque
2093 953 2346 1009 transpada-

871 1029 970 1058 nam
1002 1018 1205 1071 occupat:
1239 1016 1448 1070 sequitur,
1480 1016 1661 1058 subacta
1683 1014 1840 1067 Gallia,
1871 1027 1969 1056 cum
1992 1014 2127 1056 altero
2150 1013 2346 1055 exercitu

874 1074 921 1117 C.
952 1074 1115 1117 Fabius
1137 1073 1311 1116 Valens.
1371 1073 1450 1116 Eis
1473 1073 1600 1125 Otho,
1633 1073 1701 1115 14.
1732 1073 1854 1115 Mart.
1888 1073 1940 1115 ab
1972 1073 2078 1115 urbe
2109 1071 2346 1127 profectus,

873 1145 996 1175 suum
1030 1132 1267 1174 exercitum
1309 1132 1424 1187 apud
1453 1133 1705 1173 Bedriacum
1737 1132 1929 1187 opponit,
1970 1131 2079 1174 duce
2110 1131 2241 1173 fratre
2275 1131 2347 1172 Ti·

871 1192 1004 1243 tiano,
1037 1203 1176 1246 neque
1205 1190 1418 1234 Moesicas
1449 1191 1646 1246 legiones
1674 1190 1761 1232 iam
1792 1190 2185 1245 appropinquantes
2218 1203 2347 1245 expe-

873 1253 1011 1302 ctans,
1033 1262 1172 1305 neque
1196 1249 1395 1292 Suetonii
1409 1249 1598 1292 Paullini
1618 1248 1969 1305 prudentioribus
1992 1249 2187 1291 consiliis
2206 1251 2346 1291 utens.

872 1310 1116 1352 Vincuntur
1147 1308 1392 1361 Othoniani,
1432 1321 1518 1364 quo
1550 1308 1701 1350 nuntio
1734 1307 1879 1350 audito
1918 1307 2036 1359 Otho,
2077 1307 2230 1349 infelix
2261 1308 2351 1350 bel-

872 1369 960 1411 lum
984 1368 1141 1410 ducere
1164 1367 1334 1420 nolens,
1355 1367 1539 1410 Brixelli
1561 1377 1632 1408 xu
1659 1366 1750 1410 Cal.
1771 1367 1870 1413 Mai.
1893 1366 2175 1422 nonagesimo
2198 1366 2349 1421 quinto

872 1428 974 1483 imp.
1008 1427 1076 1469 die
1107 1436 1227 1468 semet
1257 1428 1343 1480 ipse
1371 1428 1578 1479 interficit.
1634 1425 1779 1469 Ceteri
1798 1425 1976 1468 Vitellio
1999 1438 2047 1468 se
2069 1425 2245 1477 dedunt,
2275 1426 2349 1467 ho-

873 1487 978 1528 mini
1009 1498 1095 1528 non
1126 1486 1254 1537 malo,
1285 1487 1359 1527 sed
1387 1488 1448 1527 ita
1477 1487 1602 1541 yulae
1632 1486 1781 1536 dedito,
1812 1494 1857 1526 ut
1873 1486 2133 1539 paucissimis
2153 1486 2351 1526 mensibus

870 1547 1005 1587 novies
1026 1546 1188 1601 *millies
1217 1544 1301 1586 HS
1331 1546 1628 1599 consumpserit.
1689 1544 1741 1586 In
1771 1544 2041 1586 Britanniam
2061 1543 2234 1586 Vettius
2266 1543 2350 1586 Bo-

873 1605 998 1646 lanus
1030 1603 1201 1658 legatus
1231 1603 1430 1645 mittitur.

930 1662 1133 1705 Nondum
1154 1662 1241 1706 Vit.
1258 1662 1440 1704 Romam
1461 1661 1572 1704 med.
1595 1674 1743 1704 mense
1765 1660 1846 1703 Iul.
1867 1661 2061 1712 intrarat,
2096 1673 2194 1702 cum
2216 1661 2262 1702 T.
2276 1661 2351 1702 Ve-

872 1723 1102 1775 spasianus,
1134 1733 1270 1777 prope
1301 1721 1498 1764 confecto
1518 1720 1634 1763 bello
1656 1719 1834 1763 Iudaico
1857 1720 2014 1772 clarus,
2046 1717 2244 1761 Muciano
2267 1719 2348 1774 Sy-

873 1782 962 1822 riae
992 1780 1140 1835 legato
1173 1782 1217 1821 et
1252 1780 1344 1821 Tito
1374 1780 1464 1822 filio
1497 1779 1838 1830 adhortantibus,
1869 1779 2160 1834 principatum
2192 1791 2349 1821 concu-

877 1839 1022 1894 piscit.
1091 1839 1179 1880 Cal.
1202 1839 1338 1890 Iuliis,
1371 1852 1396 1880 a
1427 1851 1511 1894 quo
1544 1838 1614 1880 die
1650 1838 1885 1880 tribunicia
1922 1838 2015 1880 eius
2047 1840 2241 1893 potestas
2274 1851 2350 1879 nu-

879 1899 1088 1950 meratur,
1126 1895 1415 1940 Alexandriae
1445 1898 1675 1951 Imperator
1712 1898 1948 1938 declaratur
1987 1910 2013 1938 a
2045 1896 2219 1939 Tiberio
2250 1896 2350 1939 Ale-

877 1957 1057 2008 xandro,
1091 1954 1283 2011 Aegypti
1311 1955 1546 2012 praefecto,
1579 1957 1818 2011 sequuntur
1848 1954 1888 1998 5.
1912 1955 2023 1998 Non.
2047 1955 2126 1997 Iul.
2148 1955 2349 1998 Iudaicae

875 2019 919 2058 et
949 2015 1155 2070 Syriacae
1188 2016 1399 2071 legiones,
1431 2016 1652 2067 continuo,
1682 2015 1875 2057 dimissis
1906 2015 2085 2067 nuntiis,
2117 2017 2206 2057 tres
2235 2015 2351 2057 Moe-

876 2076 1006 2127 sicae,
1039 2074 1148 2116 duae
1179 2074 1476 2127 Pannonicae,
1509 2077 1684 2117 auctore
1713 2073 1904 2116 Antonio
1935 2074 2102 2126 Primo,
2141 2074 2350 2116 acerrimo

874 2134 1058 2190 partium
1091 2132 1332 2176 defensore.
1393 2134 1436 2176 Is
1466 2134 1637 2176 iniussu
1658 2133 1919 2188 Vespasiani
1950 2145 2089 2188 neque
2122 2135 2350 2188 expectato

873 2192 1063 2236 Muciani
1094 2192 1296 2244 adventu,
1329 2193 1525 2248 legiones
1556 2193 1602 2234 in
1634 2192 1803 2234 Italiam
1834 2192 1970 2247 rapit:
2011 2192 2195 2234 consilia
2215 2192 2351 2234 Vitel-

874 2252 1088 2294 lianorum
1115 2251 1372 2306 ,proditione
1406 2250 1618 2294 Caecinae
1658 2251 1778 2302 (tum
1817 2251 2010 2293 consulis
2052 2250 2223 2293 suffecti
2253 2264 2351 2293 cum

872 2308 1081 2359 Valente)
1113 2310 1441 2364 perturbantur,
1480 2312 1524 2352 et
1554 2310 1580 2352 9
1611 2309 1806 2364 legiones
1838 2323 1864 2350 a
1893 2310 2171 2364 paucioribus
2203 2309 2352 2351 adver-

879 2369 1004 2411 sariis
1036 2368 1149 2410 inter
1168 2368 1428 2411 Bedriacum
1459 2371 1503 2411 et
1525 2368 1781 2411 Cremonam
1813 2371 1998 2410 exeunte
2022 2368 2117 2410 Oct.
2139 2371 2351 2410 nocturno

877 2427 1043 2483 proelio
1082 2426 1390 2482 profligantur3
1431 2428 1586 2470 castris
1629 2427 1683 2469 ad
1715 2426 1971 2469 Cremonam
2011 2428 2055 2469 vi
2087 2428 2246 2482 captis,
2286 2441 2351 2469 re-

876 2486 986 2541 liqui
1003 2485 1227 2527 Vitelliani
1259 2486 1488 2539 deduntur,
1518 2487 1622 2528 urbs
1654 2486 1821 2541 direpta
1849 2485 2107 2528 incenditur.
2154 2486 2244 2527 Iam
2267 2486 2352 2528 Ro-

876 2558 989 2587 mam
1012 2543 1184 2586 ducitur
1205 2545 1344 2587 victor
1365 2545 1600 2597 exercitus,
1623 2545 1702 2588 sed
1722 2545 1858 2587 lente:
1886 2544 2104 2600 Apennini
2126 2546 2352 2600 angustiae

876 2602 1181 2660 praesidiaque
1213 2604 1382 2646 urbium
1404 2604 1656 2659 produntur,
1688 2605 1788 2646 dum
1805 2604 2008 2647 Vitellius
2031 2604 2209 2656 Romae,
2239 2605 2353 2646 inter

877 2676 997 2718 spem
1031 2664 1277 2718 metumque
1309 2663 1545 2715 haesitans,
1577 2664 1760 2705 militum
1783 2666 1829 2705 et
1846 2663 1967 2717 vulgi
1996 2663 2151 2705 studiis
2173 2664 2350 2718 regitur.

876 2721 934 2763 Hi
964 2721 1164 2764 Flavium
1197 2721 1419 2774 Sabinum,
1461 2723 1535 2777 qui
1566 2722 1663 2764 loco
1698 2721 1746 2765 C.
1777 2722 1962 2764 Ducenii
1994 2721 2166 2764 Gemini
2196 2722 2351 2764 iterum

876 2780 973 2822 urbi
1001 2779 1250 2834 praefectus
1283 2783 1387 2832 erat,
1421 2793 1518 2822 cum
1548 2781 1728 2836 reliquis
1750 2781 2052 2834 Flavianarum
2073 2780 2261 2836 partium
2284 2793 2352 2823 so-

876 2839 956 2880 ciis
987 2839 1034 2880 in
1071 2839 1316 2892 Capitolium
1360 2839 1644 2894 compellunt,
1685 2840 1858 2882 nolente
1880 2839 2079 2891 Vitellio,
2119 2842 2162 2880 et
2190 2840 2351 2895 templo

877 2898 1048 2948 incensa
1092 2897 1160 2939 19.
1183 2898 1290 2940 Dec.
1323 2899 1582 2953 opprimunt.
1646 2898 1735 2942 Sed
1765 2898 1954 2940 adventu
1984 2898 2156 2940 hostilis
2189 2899 2352 2941 exerci-

875 2957 946 2997 tus
978 2955 1082 2996 urbs
1124 2956 1329 2999 caedibus
1361 2957 1586 3011 impletur:
1618 2957 1844 3009 Vitellius,
1884 2957 2060 2999 latebris
2091 2959 2351 3011 protractus,

879 3013 904 3056 9
927 3012 1032 3055 'CaL
1066 3013 1171 3066 Ian.,
1213 3014 1268 3057 57
1301 3027 1439 3057 annos
1471 3018 1614 3067 natus,
1646 3015 1770 3058 foede
1802 3015 2056 3067 trucidatur,
2095 3015 2228 3057 frater
2258 3017 2351 3058 eius

876 3072 927 3115 L.
961 3084 1057 3114 cum
1089 3072 1286 3127 reliquiis
1325 3074 1512 3128 partium
1541 3075 1587 3115 in
1621 3073 1857 3129 Campania
1888 3074 2058 3116 deditus
2090 3076 2133 3115 et
2163 3075 2256 3129 ipse
2288 3075 2351 3116 in-

876 3129 1102 3173 terficitur.
1149 3131 1302 3174 Omnia
1321 3132 1427 3174 haec
1450 3132 1629 3174 absente
1650 3133 1935 3188 Vespasiano,
1968 3133 2042 3187 qui
2062 3131 2351 3175 Alexandriae

877 3190 1145 3242 substiterat,
1178 3193 1288 3242 acta,
1322 3190 1398 3233 sed
1430 3191 1620 3233 urbanae
1650 3204 1721 3234 res
1755 3205 1780 3233 a
1799 3191 1998 3233 Muciano
2031 3194 2075 3233 et
2099 3193 2352 3244 Domitiano,

877 3248 1041 3290 minore
1064 3249 1196 3304 Vesp.
1227 3249 1333 3302 filio,
1364 3252 1584 3304 utcunque
1617 3253 1946 3306 componuntur.

938 3306 1111 3349 Interea
1141 3308 1379 3350 fortissima
1409 3321 1517 3363 gens
1540 3309 1802 3352 Batavorum
1835 3322 1860 3351 a
1881 3309 2089 3351 Romanis
2123 3309 2352 3361 defecerat,

876 3364 984 3464 guce
1023 3366 1132 3408 Iulio
1176 3367 1326 3420 Civile,
1373 3368 1681 3423 proximosque
1723 3367 1961 3412 Germanos
2000 3368 2046 3410 in
2083 3370 2228 3423 partes
2266 3371 2351 3410 tra-

905 3427 1071 3466 uxerat.
1392 3455 1397 3460 .

935 3481 1048 3524 Acta
1077 3482 1206 3526 huius
1237 3484 1338 3526 anni
1362 3484 1542 3527 Tacitus
1565 3485 1799 3541 descripsit
1817 3486 1931 3528 Hist.
1955 3485 2076 3527 libris
2099 3485 2255 3536 I—IV,
2278 3484 2348 3527 37.

840 3537 1123 3583 Consulatum
1157 3541 1247 3584 Cal.
1280 3543 1370 3585 Ian.
1402 3543 1555 3586 ineunt
1585 3544 1824 3599 Imperator
1853 3543 2281 3586 VESPASIANUS
2300 3544 2357 3584 II

874 3600 919 3640 et
961 3598 1107 3651 Titus,
1155 3600 1250 3642 eius
1291 3600 1428 3653 filius,
1482 3602 1684 3645 absentes
1725 3602 1847 3653 (suff.
1887 3602 1936 3644 L.
1969 3601 2137 3643 Annius
2169 3601 2349 3654 Bassus,
