2392 4016
324 181 408 226 198
1098 183 1277 224 Annales
1307 186 1479 225 Romani

321 329 408 368 μῦ,
480 338 558 362 u.c.
621 329 706 369 imp.

862 374 1034 418 Interea
1064 376 1108 418 in
1130 376 1342 431 Hispania
1374 377 1643 430 Rechiarius,
1677 378 1915 422 Suevorum
1949 393 2040 432 rex,
2074 381 2147 435 qui
2170 381 2251 423 Re-

723 465 727 469 ·
804 434 942 535 cffilae
973 435 1087 490 patri
1120 438 1416 488 successerat,
1448 436 1685 480 Romanam
1718 439 1983 493 provinciam
2005 440 2251 494 populando

804 506 829 535 a
878 493 892 535 i
930 493 972 535 't.

319 551 406 594 449
471 549 584 595 1202
647 550 704 595 25
768 551 868 595 Cos.
890 506 1159 607 ffiotogenes
1193 554 1236 595 et
1255 551 1498 606 Asterius.)
1550 554 1770 598 Saxonum
1800 557 1986 611 exiguus
2019 557 2251 610 exercitus,

644 611 704 668 ᾖ
806 610 988 654 ducibus
1022 611 1211 668 Hengist
1241 614 1286 654 et
1314 611 1480 666 Horsa,
1521 626 1546 655 a
1575 612 1796 673 Britannis
1837 619 1988 658 contra
2018 619 2250 671 perpetuos

804 669 953 713 hostes
987 683 1090 713 suos
1113 671 1362 714 arcessitur.
1425 672 1539 715 Picti
1570 673 1815 726 vincuntur,
1847 674 1925 717 sed
1947 675 2159 727 Saxones,
2193 676 2251 717 al-

803 729 929 772 lectis
963 730 1087 773 novis
1121 743 1175 772 ex
1199 729 1343 773 Germ.
1368 731 1520 787 copiis,
1552 731 1598 774 in
1627 731 1853 775 Britannia
1882 736 2119 786 remanent,
2152 747 2253 777 mox

805 802 924 831 arma
954 791 1106 832 contra
1136 789 1332 845 hospites
1365 803 1469 834 suos
1501 793 1743 845 vertentes,
1774 805 1956 848 regnum
1987 794 2073 849 ipsi
2104 807 2141 834 a.
2165 792 2251 836 457

802 848 1039 891 instituunt
1071 847 1286 892 Cantium.

319 903 409 948 450
473 903 586 948 1203
649 903 705 947 26
767 905 1077 950 Valentiniano
1108 906 1221 963 Aug.
1253 907 1364 961 VII,
1400 907 1626 952 Gennadio
1658 910 1833 954 Valerio
1866 909 2053 954 Corvino
2085 911 2251 953 Avieno

643 964 704 1021 ᾖ
806 978 896 1008 cos.
922 965 1195 1009 Theodosius
1218 966 1262 1009 II
1291 967 1394 1023 imp.
1418 967 1545 1019 (Iulii
1567 967 1658 1021 28.)
1690 970 1839 1012 morbo
1873 970 2057 1022 decedit,
2090 970 2148 1013 50
2180 984 2252 1012 an-

804 1036 884 1067 nos
908 1027 1049 1066 natus.
1104 1024 1213 1067 Cum
1234 1025 1371 1068 filium
1392 1038 1480 1068 non
1507 1027 1773 1083 reliquisset,
1805 1029 2034 1071 Pulcheria
2054 1029 2253 1085 Augusta

801 1082 1120 1136 MARCIANO,
1154 1084 1247 1127 viro
1280 1084 1402 1139 gravi
1433 1097 1484 1127 ac
1507 1085 1719 1139 modesto,
1751 1089 1925 1130 nomine
1955 1091 2082 1131 tenus
2115 1090 2252 1141 nubit,

801 1155 984 1198 eumque
1027 1141 1096 1186 25.
1127 1142 1240 1199 Aug.
1282 1144 1586 1199 imperatorem
1635 1145 1838 1188 declarat.
1906 1146 2044 1189 Attila
2083 1149 2252 1202 utrique

800 1202 982 1257 imperio
1003 1202 1206 1255 minatur,
1237 1203 1503 1246 Marcianum
1525 1203 1686 1246 frustra
1705 1205 1913 1247 tributum
1941 1204 2123 1261 flagitat,
2156 1219 2252 1248 cum

802 1260 1111 1304 Valentiniano
1153 1263 1370 1318 queritur,
1410 1262 1669 1316 Honoriam,
1711 1264 1814 1307 olim
1853 1265 1938 1308 sibi
1977 1264 2252 1320 desponsam,

800 1320 980 1376 eiusque
1014 1320 1172 1373 dotem,
1204 1324 1370 1376 partem
1399 1322 1592 1377 imperii,
1625 1322 1822 1366 detineri.

314 1376 399 1420 451
467 1377 580 1420 1204
642 1377 697 1420 27
763 1377 864 1422 Cos.
889 1380 1134 1423 Marcianus
1155 1380 1269 1436 Aug.
1293 1383 1336 1423 et
1357 1379 1630 1437 Adelphius.)
1693 1382 1938 1425 Marcianus
1970 1382 2123 1425 foedus
2156 1396 2253 1425 cum

641 1436 701 1494 —2
802 1438 1108 1482 Valentiniano
1140 1440 1235 1482 init.
1289 1439 1378 1483 Sed
1397 1440 1548 1493 Attila,
1582 1443 1734 1484 coacto
1766 1442 1962 1484 exercitu
1993 1455 2049 1484 ex
2068 1442 2254 1495 Hunnis,

804 1497 1001 1553 Gepidis,
1035 1499 1326 1555 Ostrogothis,
1348 1499 1538 1552 Herulis,
1571 1500 1724 1556 Scyn's
1748 1501 1931 1556 aliisque
1954 1502 2156 1557 gentibus
2179 1515 2255 1557 per

804 1556 1080 1600 Germaniam
1111 1557 1166 1600 ad
1196 1559 1395 1601 Rhenum
1430 1559 1593 1612 tendit,
1635 1572 1772 1615 eoque
1804 1561 2011 1613 traiecto,
2052 1574 2138 1603 non
2170 1561 2254 1603 Ro-

799 1629 965 1669 manos,
999 1617 1077 1660 sed
1099 1617 1352 1672 Visigothos
1387 1630 1433 1660 se
1455 1620 1602 1673 petere
1634 1618 1854 1671 dictitans,
1889 1619 2075 1662 Galliam
2106 1621 2252 1672 intrat,

798 1675 1145 1730 Moguntiacum,
1187 1676 1415 1729 Treviros,
1454 1677 1614 1730 Metas,
1656 1678 1867 1734 quidquid
1896 1679 2068 1730 obstat,
2108 1679 2254 1731 diruit,

799 1733 1081 1776 Aurelianum
1103 1738 1338 1790 oppugnat.
1401 1734 1470 1778 Ad
1502 1749 1597 1778 eam
1629 1737 1779 1779 urbem
1811 1737 2077 1780 liberandam
2099 1738 2252 1781 Aetius

801 1806 901 1835 cum
931 1793 1126 1837 Romano
1159 1794 1356 1836 exercitu
1387 1797 1430 1836 et
1458 1795 1640 1837 Francis
1671 1795 1906 1838 foederatis
1939 1797 2145 1851 (quorum
2174 1810 2253 1840 rex

726 1878 728 1880 -
799 1855 892 1895 tum
923 1852 1177 1896 Merovaeus
1208 1852 1393 1896 traditur
1423 1852 1589 1904 fuisse)
1630 1856 1674 1896 et
1706 1853 1947 1898 Gothorum
1976 1868 2080 1911 rege
2114 1856 2254 1898 Theo-

801 1911 949 1955 dorico
983 1912 1184 1956 accurrit.
1245 1912 1401 1969 Pugna
1433 1913 1740 1956 cruentissima
1777 1914 1824 1970 in
1856 1915 2020 1970 campis
2054 1914 2253 1957 Catalau-

799 1971 910 2014 nicis
942 1970 1014 2014 fit:
1052 1971 1310 2014 Hunnorum
1352 1972 1529 2028 copiae,
1568 1972 1780 2028 imprimis
1815 1973 2074 2016 Theodorici
2115 1987 2252 2029 eoque

801 2030 948 2073 occiso
972 2030 1254 2073 Torismundi
1283 2030 1363 2074 filii
1393 2029 1661 2085 fortitudine,
1694 2033 1940 2085 vincuntur,
1973 2036 2016 2075 et
2036 2032 2151 2076 unde
2185 2047 2253 2076 ve-

800 2091 968 2142 nerant,
1000 2092 1290 2133 revertuntur.

858 2148 910 2191 In
949 2148 1148 2192 Oriente>
1175 2148 1256 2200 (4)
1305 2149 1539 2192 concilium
1588 2150 1914 2192 oecumenicum
1965 2149 2252 2202 Chalcedone,

799 2210 1029 2262 praesente
1060 2208 1302 2260 Marciano,
1341 2208 1524 2250 habetur
1563 2210 1608 2250 et
1649 2210 1822 2263 patrum
1853 2221 2072 2251 consensu
2103 2212 2254 2251 contra

799 2266 1043 2321 Eutychem
1077 2267 1304 2318 statuitur,
1349 2266 1568 2321 duplicem
1606 2267 1736 2309 unius
1772 2266 1935 2309 Christi
1973 2270 2170 2309 naturam
2209 2271 2253 2310 et

800 2324 1068 2368 individuam
1100 2324 1258 2378 fuisse,
1290 2338 1391 2367 vere
1425 2325 1637 2377 divinam,
1669 2338 1769 2367 vere
1801 2325 2043 2367 humanam.

317 2383 404 2428 452
469 2382 582 2427 1205
649 2382 707 2426 28
771 2383 870 2426 Cos.
892 2382 1160 2439 Asporacius
1189 2387 1233 2427 et
1252 2383 1559 2435 Herculanus.)
1611 2383 1750 2426 Attila
1781 2384 1904 2426 clade
1937 2396 2016 2426 sua
2044 2385 2251 2427 incensus

641 2442 700 2500 —3
800 2455 878 2498 per
898 2443 1144 2486 Pannonias
1166 2442 1351 2498 Alpibus
1383 2442 1507 2485 Iuliis
1542 2443 1773 2498 superatis,
1799 2444 1849 2485 in
1870 2443 2040 2485 Italiam
2070 2444 2251 2496 invadit,

800 2501 1046 2557 Aquileiam
1087 2503 1206 2544 omni
1243 2504 1557 2545 tormentorum
1597 2514 1755 2557 genere
1796 2505 2038 2558 oppugnat,
2084 2506 2186 2558 post
2223 2502 2250 2546 3

803 2573 976 2604 menses
1009 2563 1180 2616 captam
1211 2560 1362 2603 diruit:
1405 2560 1505 2604 inde
1535 2560 1870 2616 transpadanam
1901 2573 2071 2603 omnem
2102 2562 2147 2603 in
2177 2574 2252 2617 po-

803 2622 1007 2663 testatem
1037 2620 1210 2676 redigit.
1275 2619 1449 2671 (Multis
1489 2632 1540 2662 eo
1580 2622 1773 2675 tempore
1803 2619 2018 2675 refugium
2056 2621 2251 2675 patuisse

803 2676 938 2721 fertur
969 2679 1210 2721 insularum
1240 2679 1287 2721 in
1317 2679 1469 2721 intimo
1502 2679 1602 2721 sinu
1631 2679 1764 2721 maris
1785 2679 2027 2721 Hadriatici
2056 2679 2251 2732 sitarum,

802 2750 983 2792 quarum
1014 2738 1204 2780 maxima
1223 2738 1358 2780 Rivus
1388 2739 1510 2789 altus,
1542 2737 1670 2780 hodie
1691 2737 1851 2790 Rialto,
1883 2740 1970 2781 est:
2001 2737 2115 2780 unde
2147 2751 2251 2793 pau-

803 2796 925 2839 latim
956 2810 1042 2839 una
1074 2797 1228 2840 civitas
1262 2797 1435 2849 coaluit,
1478 2795 1708 2846 Venetiae.)
1762 2795 1872 2839 Cum
1892 2795 2044 2839 Aetius
2075 2800 2252 2852 propter

802 2856 1066 2910 paucitatem
1096 2856 1282 2898 militum
1315 2855 1549 2898 discrimen
1581 2868 1750 2911 pugnae
1790 2856 1900 2898 inire
1942 2868 2029 2898 non
2059 2856 2250 2908 auderet,

802 2914 938 2970 legati
967 2915 1106 2957 Roma
1137 2915 1191 2957 ad
1212 2914 1393 2957 Attilam
1422 2915 1623 2957 Mantuae
1656 2916 1991 2957 commorantem
2023 2915 2252 2957 mittuntur

803 2971 1020 3025 Avienus,
1061 2973 1306 3029 Trigetius,
1338 2974 1426 3016 Leo
1459 2975 1691 3028 episcopus,
1730 2986 1807 3029 per
1839 2986 1947 3028 quos
1978 2973 2118 3029 pretio
2150 2973 2251 3015 dato

804 3045 892 3088 pax
923 3033 1015 3075 sive
1035 3033 1182 3088 potius
1213 3033 1414 3075 induciae
1448 3035 1782 3088 componuntur:
1815 3045 1915 3074 nam
1946 3046 2024 3075 rex
2053 3033 2250 3088 proximo

807 3104 919 3133 anno
953 3104 999 3134 se
1030 3091 1268 3134 rediturum
1298 3092 1499 3133 minatur.

318 3147 407 3192 453
472 3148 588 3193 1206
647 3149 702 3192 29
765 3148 1022 3193 Vincomalo
1054 3153 1098 3193 et
1121 3150 1319 3206 Opilione
1342 3162 1431 3192 cos.
1452 3149 1590 3192 Attila
1620 3150 1766 3192 subita
1796 3152 1933 3191 morte
1965 3149 2249 3204 intercipitur.

646 3209 703 3265 —4
806 3208 899 3260 Quo
931 3208 1046 3252 facto
1079 3222 1193 3251 cum«
1209 3210 1406 3252 nationes
1440 3209 1644 3252 subactae
1683 3209 1802 3251 illius
1842 3207 1944 3250 filiis
1977 3221 2127 3263 parere
2161 3208 2250 3250 nol-

803 3268 914 3319 lent,
953 3268 1182 3323 imperium
1219 3269 1475 3310 Hunnorum
1517 3267 1783 3310 dissolvitur.
1850 3266 2034 3321 Gepidae
2073 3267 2251 3308 Daciam

804 3326 859 3368 ad
888 3328 1114 3382 utramque
1145 3327 1334 3370 Danubii
1363 3327 1502 3382 ripam
1534 3327 1664 3369 armis
1705 3326 1790 3370 sibi
1825 3325 2067 3378 vindicant,
2114 3326 2251 3367 Ostro-

803 3386 944 3440 9otlzz',
983 3385 1157 3428 foedere
1195 3386 1310 3429 facto
1351 3398 1449 3428 cum
1479 3386 1719 3438 Marciano,
1758 3385 2005 3427 Pannonias
2044 3385 2248 3435 insident,

744 3454 746 3456 ·
806 3444 880 3486 alii
911 3444 1019 3486 alias
1050 3448 1170 3488 trans
1192 3445 1439 3488 Danubium
1469 3448 1622 3497 terras,
1653 3444 1741 3500 ipsi
1759 3444 1907 3486 Hunni
1936 3444 2114 3499 propius
2138 3443 2249 3485 Pon-

803 3507 897 3545 tum
926 3502 1145 3545 Euxinum
1174 3503 1396 3546 recedunt.
1814 3547 1819 3552 ,

863 3560 1029 3606 Eodem
1068 3574 1179 3605 anno
1221 3561 1600 3619 Constantinopoli
1637 3561 1817 3604 moritur
1848 3561 2088 3611 Pulcheria,
2135 3558 2248 3599 inter
