2392 4016
349 260 431 323 148
1122 256 1301 306 Annales
1333 257 1505 306 Romani

347 425 443 467 μα’
517 429 598 455 ⁰⁰⁰·
650 419 737 457 imp.
807 460 929 503 lacus
968 458 1125 502 Fucini
1165 460 1209 500 et
1249 457 1406 499 ductus
1447 467 1583 511 aquae
1623 454 1832 499 Claudiae
1873 457 1916 497 et
1946 453 2127 496 Anienis
2167 453 2283 505 novi,

809 520 912 562 olim
952 531 978 561 a
1009 517 1119 561 Gaio
1153 516 1340 559 Caesare
1380 515 1595 558 inchoati.
1631 515 1736 557 item
1771 513 1941 557 Claudii
1972 513 2118 565 iussu,
2155 512 2284 568 paulo

804 581 919 630 ante,
952 577 1100 620 Ostiae
1130 578 1282 632 portus
1314 575 1522 626 munitus,
1554 573 1721 616 Pharus
1756 573 1983 616 aedificata
2015 574 2120 614 erat.

383 646 438 690 53
500 641 585 686 806
649 639 705 683 13
769 638 869 681 Cos.
906 611 958 678 D.
990 635 1142 678 Iunius
1176 635 1352 678 Silanus
1386 634 1655 688 Torquatus,
1696 632 1745 684 Q.
1778 632 1983 675 Haterius
2015 631 2283 673 Antoninus:

805 697 910 738 Tac.
942 695 1053 737 Ann.
1082 694 1149 746 12,
1183 692 1392 744 58-63.)
1447 692 1578 744 Nero,
1614 691 1668 734 16
1699 704 1837 734 annos
1871 693 2012 742 natus,
2047 690 2284 741 Octaviam,

810 754 981 798 Claudii
1011 752 1159 805 filiam,
1189 753 1235 795 in
1266 752 1586 794 matrimonium
1618 750 1751 803 ducit,
1784 753 1829 793 et
1849 750 2009 806 populo
2043 763 2092 792 ac
2116 749 2285 791 senatui
2309 781 2313 785 .

808 814 924 857 omni
953 813 1120 855 ratione
1153 811 1478 855 commendatus
1511 823 1646 866 remp.
1679 822 1910 865 capessere
1944 809 2099 864 coepit.
2173 808 2285 850 Rho-

807 874 890 916 diis
922 872 1100 915 libertas
1132 883 1244 913 anno
1275 870 1334 913 44
1365 870 1567 925 adempta
1597 869 1808 912 redditur.

900 931 1106 974 Nascitur
1125 930 1314 973 'Italicae
1346 930 1390 972 in
1421 929 1635 984 Hispania
1654 937 1762 970 ·xlv
1796 927 1888 971 Cal.
1921 927 2015 970 Oct.
2048 926 2102 968 M.
2130 925 2284 981 Ulpius
2364 954 2369 959 -

806 990 1033 1041 Traianus,
1063 991 1219 1044 postea
1247 989 1349 1044 imp.

383 1055 440 1100 54
506 1053 591 1097 807
661 1049 714 1092 14
777 1048 878 1091 Cos.
910 1047 965 1089 M.
997 1046 1177 1089 Asinius
1208 1047 1460 1098 Marcellus,
1506 1043 1575 1088 Μ’.
1614 1045 1782 1088 Acilius
1819 1044 1991 1087 Aviola·
2037 1044 2141 1086 Tac.
2173 1043 2285 1085 Ann.

814 1106 881 1159 12,
904 1105 1093 1158 64——13‚
1119 1104 1207 1162 10.)
1253 1105 1344 1147 Iam
1375 1104 1520 1147 omnia
1550 1105 1658 1146 satis
1680 1106 1936 1159 praeparata
1956 1104 2109 1146 videns
2132 1103 2289 1159 Agrip-

657 1173 706 1206 11.
810 1166 926 1221 pina,
958 1177 1103 1207 morae
1134 1164 1381 1219 impatiens,
1412 1163 1614 1204 maritum
1635 1172 1802 1204 veneno
1827 1171 1879 1202 ιιι
1903 1162 2005 1205 Idus
2029 1163 2123 1205 Oct.
2147 1165 2287 1213 necat,

638 1232 722 1276 pot.
815 1225 885 1267 64.
919 1237 1078 1266 annum
1110 1225 1324 1278 agentem.
1385 1221 1575 1274 NERO,
1609 1220 1799 1264 nondum
1824 1221 1887 1263 17
1921 1234 2058 1263 annos
2090 1224 2232 1273 natus,
2264 1234 2289 1262 a

673 1289 690 1323 1
812 1284 953 1326 Burro
975 1282 1228 1338 productus,
1261 1282 1315 1324 ab
1336 1281 1548 1324 militibus
1570 1280 1856 1336 praetorianis
1878 1280 2108 1334 Imperator
2138 1292 2288 1322 consa-

813 1343 989 1394 lutatur,
1021 1343 1303 1396 senatumque
1326 1341 1444 1383 omni
1463 1340 1626 1383 honore
1648 1341 1691 1382 et
1722 1338 1935 1381 modestia
1956 1339 2041 1381 sibi
2071 1338 2289 1382 conciliat.

811 1375 1054 1458 Agrippina
1082 1401 1257 1443 interim
1278 1400 1332 1443 M.
1357 1399 1568 1452 Silanum,
1601 1399 1860 1453 abnepotem
1882 1398 2084 1454 Augusti,
2116 1410 2287 1453 procos.

812 1461 958 1513 Asiae,
989 1472 1156 1503 veneno
1185 1459 1314 1512 tollit,
1346 1459 1615 1511 Narcissum,
1656 1457 1835 1500 divitem
1868 1456 2038 1500 Claudii
2068 1457 2287 1509 libertum,

814 1520 869 1562 ad
906 1522 1090 1562 1110110111
1129 1518 1287 1574 adigit,
1334 1518 1380 1560 in
1419 1518 1566 1574 plures
1607 1519 1879 1573 grassatura,
1920 1517 1966 1559 ni
2006 1516 2199 1559 Senecae
2238 1529 2289 1558 ac

810 1579 940 1622 Burri
978 1578 1214 1620 auctoritas
1255 1577 1501 1619 obsisteret.
1571 1578 1780 1618 Domitius
1815 1576 2013 1627 Corbulo,
2053 1576 2119 1618 vir
2159 1588 2291 1630 supra

815 1639 1002 1680 aetatem
1035 1650 1158 1680 suam
1177 1635 1316 1688 fortis,
1351 1635 1666 1691 Cappadociae,
1698 1647 1809 1690 quae
1830 1635 2045 1690 equestris
2067 1635 2291 1690 provincia

813 1696 967 1748 fuerat,
1000 1699 1044 1738 et
1075 1695 1272 1738 Galatiae
1303 1694 1552 1750 praeficitur
1583 1694 1636 1736 ad
1666 1694 1916 1736 Armeniam
1945 1693 2286 1749 recuperandam

818 1755 1087 1809 Parthosque
1119 1754 1404 1796 coercendos:
1438 1755 1588 1808 eisque
1609 1754 1748 1808 inseq.
1772 1766 1810 1795 a.
1832 1756 1996 1795 tantam
2015 1752 2289 1795 formidinem

815 1814 939 1856 Rom.
973 1825 1187 1855 armorum
1217 1813 1380 1865 iniecit,
1412 1815 1461 1854 ut
1480 1813 1723 1867 Vologeses
1755 1812 1869 1854 ultro
1902 1812 2077 1864 cedens,
2109 1812 2286 1854 obsides

757 1886 766 1895 ·
814 1886 837 1915 e
868 1873 991 1928 regia
1022 1872 1148 1914 domo
1177 1872 1380 1914 traderet.
1428 1871 1479 1913 In
1512 1870 1655 1914 Germ.
1687 1870 1811 1914 infer.
1845 1883 2076 1914 successor
2099 1871 2288 1913 Domitio

815 1932 1001 1974 mittitur
1031 1931 1264 1987 Pompeius
1295 1930 1517 1973 Paulinus.

389 1997 446 2041 55
509 1992 596 2039 808
728 2030 733 2037 ,
781 1989 881 2034 Cos.
913 1990 1031 2033 Nero
1066 1990 1273 2033 Claudius
1307 1989 1489 2042 Caesar,
1527 1989 1578 2031 L.
1608 1949 1827 2031 Antistius
1847 1989 2006 2033 Vetus.
2041 1989 2145 2031 Tac.
2175 1988 2288 2031 Ann.

818 2050 888 2103 13,
924 2050 1038 2092 11—-
1048 2049 1136 2100 24.)
1198 2049 1312 2091 Nero
1344 2061 1488 2092 amore
1519 2049 1722 2101 libertae,
1764 2048 1836 2090 cui
1866 2047 1976 2091 Acte
2007 2061 2186 2100 nomen,
2224 2049 2289 2090 in-

660 2116 711 2148 tr·
819 2122 978 2152 census
1012 2109 1176 2151 sensim
1208 2123 1233 2151 a
1262 2110 1399 2151 matre
1430 2108 1663 2151 alienatur:
1696 2108 1790 2150 eius
1813 2108 1942 2150 minis
1963 2108 2156 2160 territus,
2186 2108 2291 2149 Bri—

640 2174 729 2219 pot·
823 2170 1035 2220 tarmicum,
1074 2167 1190 2223 quod
1219 2181 1352 2209 unum
1381 2167 1739 2223 impedimentum
1771 2167 2018 2210 securitatis
2051 2170 2288 2222 supererat,

673 2230 698 2265 2
817 2243 962 2269 veneno
997 2228 1117 2279 tollit,
1159 2227 1348 2269 Pallanti
1378 2239 1524 2269 curam
1554 2226 1770 2269 rationum
1801 2226 1962 2269 adimit.
2033 2225 2289 2268 Germaniae

815 2286 1030 2341 superiori
1059 2285 1310 2341 praeficitur
1339 2285 1388 2327 L.
1420 2284 1639 2327 Antistius
1660 2282 1814 2328 Vetus.

390 2348 446 2392 56
509 2346 594 2390 809
779 2344 879 2387 Cos.
914 2344 963 2396 Q.
980 2345 1188 2388 Volusius
1211 2344 1485 2397 Saturninus,
1516 2344 1564 2386 P.
1589 2343 1816 2386 Cornelius
1839 2343 2010 2399 Scipio:
2044 2343 2148 2385 Tac.
2172 2343 2285 2385 Ann.

819 2403 887 2456 13,
921 2402 1148 2455 25—30.)
1211 2403 1390 2447 Summa
1427 2403 1551 2458 quies
1582 2402 1710 2455 foris,
1752 2405 1796 2445 et
1825 2402 1942 2444 Nero
1973 2402 2182 2445 hactenus
2214 2403 2288 2445 ho-

819 2463 934 2505 nesti
965 2463 1173 2521 retinens,
1205 2465 1255 2505 ut
1285 2462 1658 2506 criminationibus
1686 2462 1925 2504 delatorum
1951 2461 2142 2504 nondum
2161 2475 2287 2504 aures

814 2522 1064 2577 praeberet,
1105 2521 1183 2564 sed
1213 2521 1448 2564 lasciviens
1480 2524 1613 2564 noctu
1643 2534 1721 2577 per
1750 2521 1844 2563 vias
1875 2521 2182 2573 baccharetur,
2214 2521 2288 2563 ob-

815 2581 909 2624 vios
942 2581 1189 2636 petulanter
1218 2581 1460 2623 incessens.
1511 2580 1640 2624 Urbis
1671 2579 1985 2636 praefecturam
2016 2583 2185 2622 mortuo
2215 2593 2288 2622 ex-

817 2642 954 2682 trema
995 2642 1220 2683 senectute
1259 2640 1309 2682 L.
1342 2640 1525 2683 Volusio
1571 2640 1654 2682 init
1699 2639 1748 2681 L.
1786 2639 2003 2695 Pedanius
2045 2639 2286 2682 Secundus.
2341 2644 2344 2646 ’

664 2703 714 2736 tr.
816 2698 987 2740 Aerarii
1028 2711 1131 2741 cura
1170 2712 1195 2740 a
1233 2699 1536 2754 quaestoribus
1576 2698 1631 2740 ad
1667 2698 1931 2754 praefectos,
1973 2711 2028 2740 ex
2058 2699 2287 2754 praetoriis

627 2755 728 2806 'pot·
820 2757 1095 2813 deligendos,
1138 2758 1409 2801 transfertur.
1478 2758 1543 2800 De
1572 2758 1751 2800 licentia
1790 2757 2087 2800 libertinorum
2117 2758 2287 2812 legibus
2327 2805 2330 2808 Α

672 2817 695 2853 3
814 2816 1054 2858 coercenda
1084 2816 1245 2859 frustra
1274 2818 1320 2859 111
1352 2819 1507 2860 senatu
1537 2817 1694 2873 agitur.

387 2876 442 2920 57
505 2875 593 2919 810
772 2873 873 2916 Cos·
904 2874 1019 2917 Nero
1052 2875 1258 2918 Claudius
1282 2875 1443 2919 Caesar
1465 2876 1521 2927 ΙΙ,
1552 2876 1602 2918 L.
1626 2875 1886 2931 Calpurnius
1916 2876 2019 2918 Piso
2042 2875 2156 2927 (suff.
2182 2874 2288 2918 Cae-

812 2933 903 2975 sius
936 2934 1175 2986 Martialis)
1210 2935 1313 2977 Tac.
1344 2934 1456 2977 Ann.
1492 2935 1560 2987 13,
1593 2934 1811 2986 31—33.)

394 2993 451 3038 58
513 2992 596 3035 811
781 2991 954 3034 Nerone
987 2992 1063 3044 III,
1094 2993 1149 3034 M.
1173 2993 1348 3036 Valerio
1380 2994 1584 3036 Messalla
1613 3006 1704 3036 cos.
1737 2993 1859 3044 (suff.
1890 2993 1940 3035 L.
1971 2992 2177 3035 Annaeus
2210 2992 2287 3035 Se-

813 3063 942 3103 neca,
985 3051 1229 3094 Trebellius
1268 3052 1429 3094 Pollio:
1472 3053 1575 3094 Tac.
1615 3051 1727 3094 Ann.
1763 3052 1838 3104 13,
1870 3051 2088 3102 34—58)
2126 3051 2286 3094 bellum

816 3123 914 3151 cum
945 3109 1117 3152 Parthis
1156 3113 1407 3163 renovatur,
1449 3110 1527 3153 sed
1560 3110 1747 3153 Corbulo
1779 3110 2027 3153 Armeniam
2061 3111 2286 3166 ingressus

814 3168 1039 3211 Tiridaten
1077 3169 1269 3224 repellit,
1310 3172 1353 3212 et
1391 3168 1624 3221 Artaxata,
1665 3169 1814 3212 urbem
1851 3170 2039 3224 regiam,
2080 3170 2197 3225 capit
2235 3183 2285 3212 ac

815 3227 958 3269 diruit.
1022 3227 1073 3270 In
1106 3227 1337 3270 Germania
1375 3241 1482 3284 gens
1514 3228 1843 3271 Ansibariorum
1884 3242 1910 3270 a
1941 3228 2127 3271 Chaucis
2159 3228 2287 3283 pulsa

813 3298 894 3327 nec
926 3299 951 3327 a
972 3285 1178 3335 Romanis
1209 3290 1384 3342 recepta
1413 3288 1574 3330 interit.
1622 3287 1786 3330 Romae
1817 3287 1865 3330 P.
1884 3286 2080 3340 Suillius,
2114 3287 2286 3330 celeber

662 3348 711 3382 tr.
816 3344 918 3386 olim
950 3349 1190 3398 accusator,
1223 3346 1462 3398 damnatur,
1494 3349 1537 3388 et
1567 3358 1708 3402 poena
1737 3346 1849 3402 legis
1880 3345 2069 3398 Cinciae,
2102 3359 2155 3388 ne
2187 3346 2284 3400 quis

642 3407 730 3451 pot.
821 3403 874 3445 ob
898 3415 1072 3445 causam
1095 3405 1300 3447 orandam
1321 3405 1564 3447 mercedem
1585 3406 1742 3460 capiat,
1763 3407 2006 3447 renovatur.
2047 3405 2135 3447 Sed
2154 3404 2192 3447 N
2197 3417 2284 3455 er0‚

675 3464 702 3500 4
821 3461 868 3503 in
897 3462 1003 3503 vitia
1042 3464 1268 3517 proclivis,
1310 3464 1546 3518 Poppaeam
1576 3464 1776 3506 Sabinam
1815 3477 1957 3506 amare
1989 3464 2150 3519 coepit:
2190 3463 2283 3505 eius

816 3520 1015 3561 maritum
1048 3521 1112 3562 M.
1136 3522 1323 3564 Salvium
1351 3523 1555 3576 Othonem,
1586 3523 1800 3565 aemulum
1831 3535 1918 3564 non
1947 3522 2178 3574 ferens‚’in
2199 3521 2283 3562 Lu-

821 3579 1020 3621 sitaniam
1055 3592 1224 3634 procos.
1248 3582 1394 3634 mittit,
1426 3583 1518 3625 sive
1538 3582 1716 3637 relegat.
1763 3581 2031 3623 Britanniam
2052 3580 2092 3622 h.
2115 3593 2151 3622 a.
2171 3580 2285 3635 regit
