2392 4016
442 253 495 298 12
1144 254 1365 303 Imperium
1396 252 1655 294 Graecorum.

438 445 475 487 1.
528 444 715 497 Cadmus,
736 443 950 500 Agenoris
972 443 1102 497 filius,
1125 445 1356 488 Phoenicis
1380 447 1424 488 et
1446 444 1596 489 Cilicis
1617 449 1660 489 et
1677 445 1876 501 Europae
1898 443 2042 496 frater,
2064 445 2111 488 in

523 505 695 556 terram,
727 516 836 560 quae
858 506 1011 559 postea
1035 504 1216 547 Boeotia
1246 507 1400 546 vocata
1431 508 1511 557 est,
1545 506 1731 557 venisse,
1764 517 1862 547 cum
1891 503 1918 547 5
1941 504 2108 559 Spartis

522 565 638 605 terra
676 563 789 605 natis
824 561 1055 605 Cadmeam
1095 576 1238 606 arcem
1271 564 1531 616 extruxisse,
1573 564 1818 619 populoque
1851 576 2006 606 nomen
2038 563 2109 606 de-

521 621 639 664 disse
671 620 872 665 Cadmeis
902 622 1086 664 traditur
1116 635 1204 666 sec.
1236 622 1339 665 Eus.
1372 622 1456 665 247
1489 637 1527 665 a.
1562 636 1600 665 a.
1634 623 1751 666 Troi.
1783 626 1895 678 capt.

467 679 620 723 Cadmi
651 683 694 723 et
724 681 984 724 Harmoniae
1023 680 1138 724 filiae
1175 682 1364 724 Autonoe*
1400 682 1547 733 (cuius
1587 682 1746 725 coniux
1784 682 2031 733 Aristaeus,
2078 680 2107 723 f.

520 739 752 792 Actaeon),
785 740 860 782 Ino
893 739 1024 789 (coni.
1047 741 1289 793 Athamas),
1323 739 1493 784 Semele
1526 743 1682 794 (mater
1711 741 1897 796 Dionysi
1928 753 1951 783 e
1973 738 2107 792 love),

519 798 671 854 Agaue
704 798 834 850 (coni.
867 798 1046 852 Echion,
1079 799 1107 842 f.
1141 799 1403 850 Pentheus).

461 856 704 913 Polydorus
740 857 893 901 Cadmi
924 857 982 900 fil.
1015 861 1182 915 regnat,
1221 872 1243 901 e
1275 859 1489 915 Nycteide
1519 858 1768 903 Labdacum
1797 857 1933 901 filium
1963 858 2106 911 habet,

520 917 594 972 qui
623 919 790 972 patrem
821 917 866 959 in
897 930 1032 973 regno
1065 918 1273 973 sequitur.

465 974 557 1027 Quo
591 977 737 1019 occiso
772 989 857 1018 una
888 989 986 1019 cum
1017 977 1209 1020 Pentheo
1242 990 1320 1032 pro
1351 978 1460 1019 Lato
1492 977 1714 1033 impubere
1745 976 1909 1032 Lycus,
1947 975 2109 1032 Nyctei

519 1035 665 1086 frater,
698 1037 817 1077 tutor
847 1037 1015 1090 regnat.

461 1092 549 1135 Sed
588 1106 613 1134 a
645 1093 780 1135 Zetho
821 1096 864 1136 et
902 1093 1166 1149 Amphione,
1207 1093 1310 1136 Iove
1349 1096 1394 1136 et
1430 1093 1620 1149 Antiopa
1649 1093 1809 1149 Nyctei
1846 1093 1938 1137 filia
1976 1094 2105 1147 natis,

518 1153 659 1194 victus
692 1152 816 1207 perit.
878 1153 1053 1196 Fratres
1086 1152 1236 1194 urbem
1259 1152 1430 1196 Thebas
1461 1152 1574 1195 infra
1596 1151 1829 1196 Cadmeam
1858 1153 2107 1197 condidisse

521 1209 729 1253 feruntur.
794 1210 960 1263 Quibus
991 1212 1172 1254 mortuis

460 1269 594 1311 Laius
633 1272 799 1325 regnat.
860 1270 929 1312 Ex
969 1270 1141 1313 Iocasta
1178 1269 1315 1312 filium
1356 1269 1485 1312 habet
1520 1270 1736 1324 Oedipum,
1775 1271 1851 1326 qui
1881 1270 2106 1325 expositus

521 1332 564 1371 et
595 1329 710 1384 apud
740 1329 952 1385 Polybum
986 1330 1190 1381 eductus,
1231 1331 1385 1384 postea
1427 1329 1607 1385 originis
1646 1330 1824 1385 ignarus
1864 1332 2032 1385 patrem
2061 1330 2108 1372 in

517 1388 588 1430 via
619 1388 830 1444 Delphica
862 1389 1045 1442 occidit,
1088 1389 1336 1444 Thebisque
1375 1389 1576 1444 regnavit
1605 1388 1803 1432 locastae
1834 1389 2106 1432 matrimonio

518 1447 706 1490 iunctus.

457 1505 632 1548 Incesto
664 1505 881 1562 patefacto
924 1508 968 1549 et
1000 1506 1220 1562 Oedipode
1253 1508 1441 1559 mortuo,
1480 1505 1560 1549 filii
1589 1506 1779 1548 Eteocles
1820 1509 1864 1549 et
1893 1507 2108 1561 Polynices

517 1578 613 1607 cum
647 1565 699 1607 de
729 1578 863 1622 regno
894 1565 941 1608 in
971 1568 1190 1608 certamen
1219 1564 1489 1619 incidissent,
1523 1568 1617 1608 orto
1649 1565 1763 1609 bello
1786 1565 1895 1608 alter
1916 1565 2099 1608 alterum

517 1624 771 1667 occiderunt

457 1682 542 1725 Pro
581 1683 872 1726 Laodamante
910 1683 1103 1726 Eteoclis
1143 1682 1172 1726 f.
1217 1682 1358 1726 Creon
1396 1685 1514 1726 tutor
1551 1685 1726 1740 regnat,
1774 1682 1913 1726 donec
1949 1680 2103 1738 Argivi

517 1742 629 1784 bello
659 1746 865 1795 renovato
902 1743 1200 1784 Thersandrum
1231 1742 1455 1797 Polynicis
1484 1742 1621 1786 filium
1651 1742 1864 1785 reducunt

460 1799 568 1844 Cum
591 1801 864 1844 Thersander
894 1803 941 1844 in
970 1802 1112 1857 Mysia
1142 1815 1168 1844 a
1200 1802 1392 1858 Telepho
1425 1802 1597 1845 occisus
1630 1804 1761 1854 esset,
1795 1800 1998 1844 Cadmeis
2030 1800 2110 1842 im-

516 1862 642 1914 perat
666 1860 891 1959 fPeneleos.
971 1860 1064 1912 Quo
1113 1860 1260 1904 occiso
1306 1860 1362 1903 ad
1405 1860 1582 1904 Troiam
1627 1862 1680 1906 ab
1718 1860 1975 1918 Eurypylo,
2024 1859 2107 1902 Te-

517 1918 634 1974 lephi
685 1951 712 1972 .,
1822 1950 1831 1955 -

463 1978 713 2030 Tisamenus,
747 1977 1012 2021 Thersandri
1041 1977 1070 2020 f.
1105 1980 1149 2020 et
1181 1980 1283 2034 post
1314 1991 1413 2021 eum
1442 1978 1472 2022 f.
1503 1979 1699 2022 Autesion
1728 1979 1926 2035 regnant.

459 2037 822 2090 Damasichthon,
861 2037 1039 2079 Penelei
1070 2050 1229 2093 nepos,
1267 2051 1347 2080 rex
1379 2040 1572 2082 creatus:
1610 2041 1713 2095 post
1743 2051 1871 2095 quem
1900 2035 1929 2080 f.
1961 2034 2105 2079 Ptole-

515 2109 664 2139 maeus
697 2099 742 2139 et
771 2109 867 2151 nep.
900 2095 1104 2139 Xanthus
1134 2099 1332 2152 regnant.

459 2153 678 2208 Xanthus,
710 2155 888 2198 ultimus
922 2155 1166 2198 Thebarum
1195 2168 1287 2209 rex,
1321 2169 1346 2198 a
1375 2156 1591 2199 Melantho
1622 2169 1726 2212 rege
1754 2155 1855 2199 Ath.
1886 2155 2099 2199 occiditur

430 2272 471 2315 2.
517 2273 696 2314 Danaus
732 2270 976 2330 Aegyptius
1017 2285 1040 2315 e
1082 2271 1277 2315 Chemmi
1313 2271 1456 2328 Argos
1496 2273 1668 2316 venisse
1708 2286 1807 2316 cum
1845 2271 1904 2317 50
1932 2273 2104 2316 filiabus

517 2334 561 2375 et
597 2344 779 2387 regnum
818 2345 843 2374 a
883 2331 1098 2375 Gelanore
1138 2331 1311 2374 volente
1351 2333 1574 2388 accepisse
1611 2332 1769 2386 fertur,
1811 2345 1899 2376 sec.
1939 2332 2099 2375 Euseb.

519 2403 630 2433 anno
663 2393 762 2434 ante
795 2391 970 2433 Troiam
1001 2393 1171 2447 captam
1201 2390 1284 2434 291

460 2450 710 2493 Succedunt
731 2451 772 2492 ei
791 2451 990 2506 Lynceus,
1024 2463 1158 2506 gener
1178 2463 1256 2506 per
1276 2449 1676 2505 Hypermnestram,
1709 2453 1752 2493 et
1770 2450 1899 2494 huius
1920 2449 1949 2492 f.
1971 2449 2103 2492 Abas.

457 2508 642 2552 Abantis
689 2509 769 2551 filii
817 2510 979 2565 gemini
1014 2510 1203 2551 Acrisius
1241 2511 1285 2552 et
1322 2510 1496 2551 Proetus
1541 2523 1640 2552 cum
1684 2510 1799 2552 bello
1848 2511 2104 2562 certassent,

519 2569 702 2612 Proetus
751 2568 916 2611 eiectus
961 2568 1016 2611 ad
1054 2568 1234 2621 Iobaten
1272 2568 1435 2624 Lyciae
1474 2582 1622 2624 regem
1660 2568 1793 2625 fugit,
1839 2570 1932 2612 eius
1970 2568 2104 2611 filiam

520 2627 837 2670 Stheneboeam
857 2640 1038 2670 uxorem
1068 2627 1205 2680 duxit,
1235 2640 1435 2671 reversus
1461 2628 1715 2684 Tirynthem
1742 2629 1892 2677 urbem
1911 2630 2043 2670 tenet.

462 2685 623 2729 Acrisii
653 2699 788 2742 nepos
822 2700 878 2729 ex
906 2686 997 2729 filia
1028 2687 1175 2730 Danae
1195 2687 1381 2741 Perseus,
1416 2700 1515 2729 cum
1546 2701 1673 2730 avum
1692 2686 1911 2731 Acrisium
1941 2687 2102 2730 invitus

520 2745 724 2788 Larissae
755 2746 801 2788 in
833 2746 1062 2788 Thessalia
1093 2746 1204 2789 disci
1234 2746 1352 2789 iactu
1381 2746 1690 2800 interfecisset,
1721 2747 1958 2790 mutatione
1990 2746 2105 2789 facta

525 2816 623 2846 cum
653 2805 951 2860 Megapenthe,
983 2805 1131 2847 Proeti
1160 2805 1264 2858 filio,
1303 2806 1370 2848 illi
1397 2804 1540 2862 Argos
1573 2806 1785 2860 concedit,
1805 2799 1917 2862 'ipse
1949 2806 2104 2861 Tiryn-

519 2863 636 2905 them
667 2865 800 2916 tenet,
831 2863 1016 2907 Mideam
1045 2865 1338 2920 Mycenasque
1371 2865 1530 2908 condit.

458 2922 609 2965 Persei
645 2921 831 2965 filiorum
869 2923 977 2965 alter
1013 2923 1192 2965 Alcaeus
1231 2924 1463 2979 Tirynthe,
1503 2924 1613 2967 alter
1651 2924 1869 2966 Sthenelus
1907 2924 2102 2980 Mycenis

517 2983 715 3037 regnant,
748 2982 901 3024 tertius
932 2982 1153 3038 Electryon
1183 2982 1363 3025 Mideae.

461 3039 569 3083 Cum
599 3039 786 3083 Alcaeus
827 3041 945 3096 prior
974 3044 1170 3083 mortuus
1203 3044 1343 3093 esset,
1383 3041 1616 3084 Sthenelus
1654 3040 1800 3083 fratris
1839 3040 1976 3084 filium
2006 3041 2103 3083 Am-

514 3101 765 3154 phitryonem
803 3113 937 3156 regno
977 3100 1175 3156 expellit,
1213 3100 1418 3155 Mycenas
1458 3102 1502 3142 et
1541 3100 1796 3156 Tirynthem
1833 3101 1929 3156 ipse
1966 3103 2099 3154 tenet,

519 3159 705 3201 Mideam
737 3159 884 3202 uxoris
916 3159 1124 3215 Nicippes
1156 3158 1359 3202 fratribus
1391 3158 1524 3201 Atreo
1557 3162 1600 3202 et
1631 3159 1851 3214 Thyestae
1881 3160 2026 3202 tradit.

458 3216 761 3273 Amphitryoni
782 3218 942 3261 Thebis
976 3232 1032 3261 ex
1049 3217 1271 3271 Alcmena,
1301 3218 1575 3274 Electryonis
1607 3218 1651 3271 f.,
1682 3220 1875 3262 nascitur
1895 3220 2095 3262 Hercules

518 3277 593 3332 qui
621 3276 709 3319 fato
741 3280 919 3319 coactus
950 3278 1194 3333 Eurystheo,
1228 3277 1423 3321 Stheneli
1453 3276 1557 3330 filio,
1589 3280 1725 3334 paret.

460 3335 548 3379 Sed
578 3335 847 3391 Eurystheus
878 3336 1053 3379 tandem
1084 3338 1136 3380 ab
1167 3337 1317 3393 Hyllo,
1358 3337 1558 3380 Herculis
1589 3336 1693 3390 filio,
1725 3337 1888 3380 avitum
1915 3349 2098 3393 regnum

518 3397 740 3450 repetente
772 3395 983 3438 occiditur

459 3452 617 3508 Hyllus
650 3456 794 3512 autem
823 3455 918 3513 ipse
949 3453 1161 3496 occiditur
1193 3455 1245 3497 ab
1276 3454 1481 3507 Echemo
1511 3468 1615 3511 rege
1637 3454 1939 3511 Tegeatarum,
1978 3454 2098 3497 socio

517 3513 839 3568 Pelopidarum,
880 3525 964 3568 quo
1002 3512 1117 3555 facto
1149 3513 1428 3566 Heraclidae,
1466 3514 1653 3557 induciis
1691 3514 1838 3567 factis,
1878 3513 1995 3569 pacti
2033 3512 2094 3555 di-

521 3574 677 3613 cuntur
706 3572 822 3614 intra
854 3572 940 3615 100
961 3584 1096 3614 annos
1129 3584 1226 3614 sese
1256 3572 1399 3615 reditu
1428 3573 1474 3615 in
1495 3573 1842 3628 Peloponnesum
1861 3572 2094 3614 destituros

459 3629 632 3672 Interea
660 3629 792 3686 Argis
823 3633 925 3686 post
954 3631 1284 3686 Megapenthem
1320 3634 1473 3687 regnat
1501 3631 1799 3687 Anaxagoras.
1860 3631 1906 3674 Is
1934 3633 2101 3686 partem

2162 409 2192 432 a.
2218 399 2300 433 Chr.
2325 410 2362 433 n.

2162 619 2330 676 (1431)

2159 1618 2329 1674 (1210)

2162 1738 2327 1791 (1200)

2160 2151 2327 2205 (1100)

2162 2388 2324 2441 (1475)

2154 3219 2319 3273 (1260)

2156 3395 2319 3447 (1206)
2390 3381 2392 3467 ]

2153 3571 2170 3627 (
2183 3571 2322 3627 1204)

2384 3472 2392 3554 i
