2392 4016
1070 272 1230 312 Persae.
2074 271 2103 316 9

142 462 156 608 ι
183 462 369 520 Persae,
418 465 582 524 duplici
619 464 784 522 proelio
824 464 879 508 ad
908 463 1275 523 Eurymedontem
1305 462 1484 508 fluvium
1514 462 1600 508 fugi
1643 464 1780 522 impe.
1816 419 1942 453 ·-can
1967 419 2111 462 oiynp.

242 525 355 569 rium
387 523 650 570 Graecarum
680 525 726 568 in
756 523 866 568 Asia
895 525 1119 568 civitatum
1150 524 1354 568 amittunt
1836 524 1926 568 469
2011 524 2069 568 77
2085 524 2113 568 3

182 583 372 638 Xerxes,
411 583 664 629 libidinibus
695 583 891 638 deditus,
932 584 986 628 ab
1015 583 1236 628 Artabano
1267 583 1542 627 interimitur.
1605 581 1649 625 Is
1679 594 1778 626 cum
1837 583 1927 629 465
2012 583 2113 629 784

243 642 271 687 7
301 643 524 688 mensibus
556 657 699 688 rerum
730 644 896 700 potitus
938 646 1076 696 esset,
1115 643 1314 700 sequitur
1343 641 1780 686 ARTAXERXES

241 703 401 746 Xerxis
429 701 545 747 filius
577 715 704 760 cogn.
738 703 1019 760 Lonqi‘manue
1049 700 1348 755 (464—425)
1837 701 1927 747 464

182 760 393 822 Aegyptii
423 762 578 807 iterum
609 763 736 805 Inaro
767 762 877 806 duce
898 761 1123 814 rebellant,
1155 761 1209 805 ab
1230 760 1571 806 Atheniensibus
1601 773 1780 819 magno-

244 834 347 880 pere
378 821 536 876 adiuti,
576 821 892 892 Persarumflue
924 821 1189 878 praesidium
1219 820 1408 878 Memphi
1438 821 1661 874 obsident,
1701 820 1781 865 sed

242 881 474 925 vincuntur
511 881 678 939 aliquot
715 893 840 925 annis
878 883 982 938 post
1018 893 1045 924 a
1073 880 1309 938 Megabazo
1348 882 1393 924 et
1430 881 1476 925 in
1520 884 1781 939 potestatem
1835 879 1929 985 m
2013 879 2071 924 79
2087 878 2115 924 3

240 939 498 997 rediguntur
2014 938 2115 985 804

182 998 444 1057 Amyrtaeus
475 1002 621 1044 tamen
641 997 891 1057 Aegyptum
921 999 1169 1044 inferiorem
1200 999 1455 1056 insulasque
1475 998 1625 1053 (Elbo)
1645 1002 1779 1043 tenet.

184 1058 453 1104 Artaxerxes
485 1059 757 1103 inhonestam
787 1072 954 1116 pacem,
985 1071 1071 1116 qua
1099 1059 1208 1104 mari
1230 1059 1360 1113 cedit,
1392 1072 1491 1103 cnm
1513 1058 1696 1104 Graecis
1717 1058 1778 1102 fe·

148 1094 169 1202 Ι
244 1119 359 1163 cisse
387 1118 574 1162 traditur
604 1118 663 1171 (P
753 1117 805 1162 ci
850 1118 971 1170 onis)
1836 1117 1925 1162 449
2009 1116 2066 1162 ss
2085 1117 2114 1162 4

183 1177 305 1236 Rege
335 1180 504 1222 mortuo
535 1179 723 1235 sequunt
851 1193 967 1222 ertu
995 1178 1053 1220 II
1079 1190 1159 1235 per
1188 1177 1297 1221 duos
1328 1189 1515 1231 menses,
1547 1181 1638 1222 tum
1836 1177 1926 1222 425

186 1237 439 1294 Soqdianus,
473 1237 630 1281 nothus
663 1238 918 1282 Artaxerxis
950 1236 1080 1289 filius,
1113 1239 1157 1280 et
1186 1237 1280 1294 ipse
1312 1236 1506 1281 deiectus
1536 1238 1589 1280 ab
1616 1237 1779 1280 0030

243 1296 397 1350 fratre,
437 1297 513 1354 qui
541 1296 801 1340 DAREUS
829 1297 887 1340 ΙΙ
918 1299 994 1341 aut
1021 1296 1187 1340 Nothus
1225 1301 1405 1340 vocatur
1450 1295 1564 1348 (424
1596 1309 1665 1340 ex.
1706 1300 1780 1340 aut

243 1354 519 1407 423—406)
1837 1354 1926 1399 423
2014 1354 2111 1399 891

186 1414 420 1459 Rebellaut
447 1415 642 1472 plerique
672 1417 894 1485 satrapae,
933 1415 1063 1458 etiam
1094 1413 1230 1469 Medi,
1271 1413 1350 1459 sed
1380 1414 1667 1472 subiguntur,
1706 1428 1780 1459 ex·

185 1474 829 1578 Inaeptgeffiadgffieggggssz
839 1477 1395 1578 pffssaeedaemoniorum
1434 1535 1633 1590 satrapae
1670 1534 1782 1590 regii

243 1593 291 1636 in
320 1591 429 1636 Asia
457 1593 622 1636 minore
653 1593 883 1649 pristinam
921 1593 1161 1649 potentiam
1191 1594 1474 1650 recuperant,
1510 1592 1613 1636 dum
1653 1593 1779 1637 modo

245 1651 340 1704 hos,
372 1651 500 1695 modo
531 1651 630 1695 illos
662 1653 849 1709 pecunia
879 1650 1097 1695 adiuvant.
1163 1651 1331 1709 (Cyrus
1363 1651 1530 1704 minor)
1841 1651 1929 1696 407
2016 1651 2072 1695 93
2090 1651 2117 1694 2

185 1708 621 1754 ARTAXERXE'S
650 1711 708 1754 II
733 1723 932 1769 cognom.
965 1712 1153 1754 Mnemon
1840 1710 1929 1755 406
2016 1710 2072 1755 93
2089 1710 2116 1755 3

193 1769 326 1828 cyrne
355 1783 486 1824 arma
506 1771 623 1828 capit
653 1774 805 1814 contra
834 1783 1003 1828 regem,
1042 1771 1181 1828 ipsius
1211 1770 1410 1823 fratrem,
1449 1770 1528 1814 sed
1558 1769 1784 1824 occiditur,

254 1829 422 1887 proelio
451 1830 497 1873 in
530 1830 695 1887 campis
727 1830 995 1886 Babyloniae
1024 1829 1167 1887 (apud
1198 1828 1403 1881 Ounaxa)
1434 1830 1667 1874 commisso
1844 1828 1929 1873 401
2017 1828 2119 1872 944

190 1887 350 1934 Graeci
377 1890 635 1933 mercenarii
665 1889 876 1942 (10,000)
908 1890 1096 1933 victores
1126 1890 1173 1933 in
1203 1889 1387 1946 patriam
1417 1892 1693 1933 revertuntur
1839 1887 1931 1932 400
2018 1887 2115 1933 951

171 1946 355 1993 contra
384 1948 699 2005 Pharnabazum
738 1951 782 1992 et
818 1949 1145 2004 Tissaphernem,
1185 1948 1332 2005 regios
1365 1951 1585 2006 satrapas,
1624 1948 1785 1992 bellum

248 2019 327 2064 pro
358 2007 558 2052 libertate
582 2007 847 2052 Graecorum
871 2007 1205 2051 Lacedaemonii
1227 2010 1399 2065 gerunt,
1430 2007 1614 2052 ducibus
1637 2007 1786 2052 Thim-

251 2067 398 2120 brone,
430 2079 531 2111 mox
562 2066 825 2124 Dercyllida.

190 2125 292 2183 Ipse
321 2126 559 2183 Aquilam,
590 2139 669 2170 rex
699 2125 970 2179 Lacedaem.,
1001 2126 1046 2169 in
1077 2124 1227 2169 Asiam
1258 2126 1421 2169 traiicit
1844 2125 1931 2171 396
2019 2124 2115 2169 961

189 2184 416 2242 Fugantur
447 2185 607 2228 Persae
647 2186 693 2228 in
724 2185 889 2242 proelio
933 2185 989 2229 ad
1019 2184 1245 2229 Pactolum
1271 2184 1476 2238 fluvium,
1516 2185 1572 2230 ob
1603 2197 1783 2241 eamque

249 2256 339 2287 rem
374 2243 691 2301 Tissaphernes
721 2245 840 2301 regis
871 2244 996 2288 iussu
1027 2246 1207 2287 necatur
1844 2243 1933 2288 395
2019 2243 2075 2287 96
2094 2243 2120 2286 2

189 2302 347 2359 Legati
376 2302 544 2354 Persici
571 2302 802 2348 'Graeciam
831 2306 1069 2361 peragrant
1105 2302 1161 2347 ad
1189 2302 1352 2347 bellum
1384 2306 1537 2348 contra
1565 2302 1782 2347 Lacedae·

248 2362 417 2406 monios
447 2361 729 2406 movendumz
763 2361 996 2418 Agesilaus
1027 2365 1257 2407 revocatur
1843 2361 1932 2407 394
2018 2361 2075 2406 96
2093 2361 2120 2406 3

199 2421 335 2465 Conon
355 2421 654 2475 Atheniensis,
686 2422 820 2466 classi
841 2422 1044 2466 Persicae
1076 2421 1340 2479 praefectus,
1372 2421 1631 2466 Pisandrum
1651 2420 1784 2465 Lace-

249 2480 387 2524 daem.
418 2480 612 2524 devincit
1846 2481 1933 2524 394
2018 2479 2075 2524 96
2093 2479 2121 2524 3

188 2539 306 2584 Pace
324 2540 573 2583 Antalcidea
602 2539 718 2584 facta
736 2540 895 2584 Persae
925 2539 1153 2597 imperium
1183 2551 1282 2582 orae
1305 2539 1545 2582 maritimae
1566 2539 1783 2596 recipiunt
1842 2539 1928 2584 387
2019 2539 2119 2584 982

188 2598 449 2656 Euagorm,
481 2612 629 2655 regem
662 2599 884 2658 Cyprium,
915 2599 1078 2642 victum
1109 2599 1153 2642 in
1185 2600 1446 2654 potestatem
1477 2597 1682 2654 redigunt
1844 2599 1932 2643 376
1994 2599 2071 2642 101
2097 2600 2114 2642 1

190 2658 280 2703 Sed
309 2658 433 2702 irrita
462 2657 684 2715 expeditio
713 2658 846 2711 cadit,
878 2670 1007 2714 quam
1038 2657 1255 2701 adiunctis
1292 2657 1571 2702 mercenariis
1601 2656 1783 2702 Graecis

250 2719 301 2762 et
333 2717 548 2774 Iphicrate
587 2717 697 2761 duce
735 2718 782 2761 iu
812 2717 1060 2774 Aegyptum
1098 2717 1308 2760 adversus
1350 2715 1647 2761 Nectanebum
1688 2729 1784 2760 sus·

250 2776 420 2833 cipiunt
1844 2775 1932 2820 372
1995 2775 2112 2820 1021

192 2835 374 2880 Moritur
402 2833 669 2878 Artaxerxes
699 2837 801 2891 post
829 2846 1011 2890 regnum
1042 2833 1100 2877 46
1132 2846 1340 2878 annorum
1845 2836 1933 2880 359
1995 2835 2076 2879 105
2094 2835 2119 2878 2

194 2893 401 2940 Succedit
435 2893 582 2948 Ochus,
621 2892 954 2950 cognominatus
985 2893 1419 2936 ARTAXERXES
1451 2893 1540 2947 111,
1581 2893 1783 2937 crudelis.

191 2953 456 3005 Phoenices,
496 2952 550 2995 ab
579 2950 896 3010 Aegyptiorum
934 2964 1038 3009 rege
1069 2952 1320 2997 Nectenebo
1362 2952 1520 3006 adiuti,
1557 2953 1785 3006 rebellant,

252 3011 330 3056 sed
361 3010 552 3063 Sidonii,
593 3011 647 3055 ab
678 3011 693 3055 i
724 3023 872 3055 sorum
912 3024 1015 3067 rege
1047 3011 1197 3055 Tenue
1236 3015 1282 3056 et
1311 3012 1503 3055 Mentore
1535 3011 1644 3056 duce
1677 3025 1786 3055 mer·

251 3070 522 3115 senariorum
554 3024 726 3126 proditi:
759 3070 864 3114 urbe
893 3070 1076 3115 incensa
1106 3074 1248 3115 semet
1277 3071 1533 3114 interimunt
1842 3071 1925 3117 351
1994 3071 2073 3115 107
2092 3071 2119 3114 2

193 3128 339 3173 Ochus
370 3141 469 3172 cum
500 3128 567 3172 bis
597 3127 758 3174 (rusti-a
788 3129 948 3174 bellum
979 3129 1213 3182 intulisset,
1244 3129 1430 3174 collecto
1460 3129 1628 3185 ingenti
1660 3142 1783 3174 exer-

253 3188 344 3231 citu
375 3190 421 3231 et
449 3187 625 3231 auxiliis
655 3187 694 3232 A
751 3188 915 3232 'vorum
937 3188 1327 3245 Thebanorumque
1347 3187 1591 3247 Aegyptios
1622 3187 1783 3242 domat,

252 3244 505 3289 Nectanebo
534 3246 582 3289 iu
604 3244 650 3290 -A
799 3248 887 3291 iam
916 3247 1111 3304 fugiente
1842 3248 1932 3293 340

194 3304 375 3407 Mento&
404 3304 536 3406 As⁸i¹ae
549 3304 825 3407 tpraefectus,
862 3309 909 3351 et
939 3306 1114 3364 Bagoas
1146 3305 1371 3351 eunuchus
1403 3306 1635 3364 plurimum
1665 3307 1783 3363 regis

285 3376 333 3406 ra
369 3376 394 3406 a
421 3375 449 3406 v
494 3374 547 3406 en

193 3376 448 3466 Ariusium
478 3420 658 3475 (Ochus)
690 3421 823 3467 durus
854 3435 960 3480 erga
990 3435 1110 3476 suos,
1142 3436 1169 3467 a
1200 3422 1235 3467 B
1295 3435 1350 3467 oa
1380 3436 1546 3467 veneno
1581 3427 1758 3467 necatur
1848 3424 1937 3471 338

195 3483 335 3535 Arm,
367 3481 485 3525 illius
515 3480 561 3535 t,
591 3494 670 3525 rex
701 3480 858 3535 factu,
888 3481 968 3526 sed
998 3494 1100 3527 mox
1131 3482 1186 3527 ab
1215 3494 1267 3527 eo
1299 3495 1367 3527 em
1398 3482 1549 3540 Bagoa
1579 3482 1746 3526 tollitur
1844 3483 1932 3530 336

154 3580 160 3587 .
193 3539 452 3586 DAREUS
480 3552 678 3598 cognom.
716 3541 987 3596 Oudon-ue,
1025 3553 1140 3586 unus
1177 3541 1356 3586 relictus
1397 3554 1452 3587 ex
1483 3546 1614 3598 geute
1645 3542 1779 3598 regia,

252 3612 330 3704 peg
356 3599 562 3702 ¹2Bagoam
602 3613 680 3644 rex
718 3599 882 3656 factus,
925 3599 1110 3644 eundem
1155 3601 1238 3646 sibi
1281 3601 1559 3647 insidiantem
1600 3601 1787 3647 interfici

253 3672 300 3705 iu
330 3671 354 3702 e
377 3691 387 3707 ,

1994 3249 2113 3292 1101
