2392 4016
355 185 409 239 52
1048 181 1266 233 Imperium
1298 182 1554 224 Graecorum.

354 375 420 418 Ea
450 373 783 430 opportunitate,
802 373 957 417 callide
988 386 1092 416 usus
1113 374 1350 430 Dionysius,
1383 373 1485 417 dum
1514 377 1681 419 ceteros
1705 358 1942 419 duces-cri-
1985 405 1988 407 ,

412 433 612 484 minatur,
645 432 874 487 Syracusis
907 448 1036 474 rerum
1065 434 1220 486 potitur

357 493 516 534 Pacem
546 491 609 533 ita
643 490 749 538 facit
790 504 887 534 cum
923 491 1375 546 Carthaginiensibus,
1418 494 1464 533 ut
1492 491 1710 534 Himeram
1745 496 1788 535 et
1816 492 1942 547 Agri-

415 552 591 606 gentum
625 551 668 592 et
697 549 906 605 quidquid
935 549 1205 593 occidentem
1235 562 1386 592 versus
1409 552 1490 603 est,
1522 553 1711 604 teneant,
1741 552 1836 606 ipse
1859 551 1942 606 Sy-

411 609 578 651 racusis
609 610 763 664 regnet

359 667 528 710 Civium
560 679 735 709 suorum
767 665 1054 708 defectionem
1085 669 1282 709 metuens
1323 680 1440 709 arma
1469 667 1525 710 iis
1556 668 1728 721 adimit,
1761 671 1805 710 et
1834 681 1944 710 mer-

414 726 598 768 cenariis
630 724 838 767 militibus
871 725 1024 767 utiturz
1065 725 1307 780 Syracusas
1347 726 1514 769 civibus
1554 729 1705 782 auget,
1748 727 1848 769 dum
1880 727 1945 768 in-

346 825 350 830 ,
413 784 531 826 00133
562 783 773 826 victarum
806 783 1029 826 civitatum
1060 796 1111 826 eo
1143 785 1426 840 commigrare
1459 785 1590 841 cogit.

355 842 530 898 Ingenti
565 844 774 897 apparatu
805 841 965 892 bellum
996 845 1147 885 contra
1168 841 1369 899 Carthag.
1400 846 1556 896 movet,
1590 844 1667 886 sed
1698 856 1795 886 cum
1816 843 1942 886 initio

413 900 596 942 feliciter
635 913 727 942 rem
772 900 1004 955 gessisset,
1051 913 1154 943 mox
1193 901 1433 956 Syracusas
1473 902 1758 957 compellitur
1829 902 1943 944 Urbs

413 961 698 1013 oppugnatur,
729 960 1009 1000 veruntamen
1033 958 1176 1001 Carth.
1208 961 1425 1003 exercitus
1450 961 1495 1003 in
1524 960 1805 1003 diuturnitate
1827 961 1942 1002 obsi-

415 1017 555 1058 dionis
571 1016 736 1061 morbo
767 1016 991 1070 pestilenti
1020 1016 1189 1059 deletur
1525 1039 1533 1045 ·

356 1075 555 1130 Rhegini,
587 1074 830 1129 complures
863 1086 998 1116 annos
1030 1075 1143 1117 bello
1174 1076 1313 1153 petiti,
1344 1076 1518 1118 tandem
1550 1077 1699 1119 urbem
1730 1077 1943 1132 Dionysio

387 1133 576 1175 dedunt
823 1154 826 1157 ι

355 1192 592 1246 Dionysius
637 1203 661 1231 a
689 1189 894 1245 Magone,
936 1188 1079 1233 Carth.
1111 1190 1242 1243 duce,
1282 1191 1422 1235 denuo
1454 1192 1620 1244 1101113,
1661 1205 1814 1248 pacem
1847 1206 1944 1236 cum

415 1251 672 1292 detrimento
703 1248 808 1302 facit

353 1310 521 1352 Mortuo
542 1298 756 1375 Dionysio
788 1307 948 1349 maiore
978 1309 1219 1362 postquam
1241 1307 1298 1351 38
1321 1321 1456 1351 annos
1477 1309 1689 1364 regnavit,
1719 1310 1946 1365 Dionysius

412 1369 551 1419 minor,
588 1366 681 1408 eius
712 1364 787 1417 fil„
817 1378 896 1407 rex
925 1364 976 1407 fit
1009 1365 1383 1420 Syracusanorum
1413 1367 1582 1418 (Febr.)

355 1428 519 1478 Dionis,
553 1423 693 1466 affinis
715 1424 796 1475 sui,
817 1427 973 1479 rogatu
987 1424 1198 1466 Platonem
1218 1425 1522 1493 philosophum
1542 1426 1725 1468 Athenis
1748 1426 1945 1477 arcessit,

416 1484 494 1527 sed
531 1495 635 1525 mox
664 1482 848 1524 Dionem
889 1482 973 1524 sibi
1015 1486 1266 1538 suspectum
1303 1485 1349 1526 in
1381 1483 1609 1527 Graeciam
1641 1484 1862 1536 amandat,
1903 1486 1948 1526 et

414 1543 638 1584 Platonem
669 1553 798 1596 aegre
828 1542 1043 1583 retentum
1075 1541 1254 1584 dimittit

358 1602 565 1643 Precibus
596 1599 771 1666 tyranni
802 1599 968 1642 evictus
999 1600 1123 1642 Plato
1153 1601 1310 1642 iterum
1343 1600 1585 1655 Syracusas
1617 1598 1908 1656 proficiscitur

419 1659 498 1703 sed
526 1656 644 1700 illius
677 1658 833 1709 animo,
864 1657 1054 1700 invidiae
1086 1660 1130 1700 et
1160 1659 1482 1714 suspicionibus
1505 1659 1708 1711 obnoxio,
1739 1671 1837 1701 cum
1858 1671 1945 1700 me-

415 1717 510 1760 deri
540 1717 721 1759 conatus
754 1717 884 1768 esset,
915 1716 962 1758 in
982 1716 1177 1771 pericula
1196 1718 1347 1760 mortis
1367 1718 1535 1760 incidit.
1584 1717 1749 1769 Quibus
1771 1717 1944 1786 evitatis

414 1777 460 1818 in
490 1775 674 1842 patriam
702 1773 816 1816 redit
873 1785 876 1787 ’

361 1835 598 1889 Dionysius
640 1833 686 1874 in
716 1831 844 1875 Italia
880 1831 1042 1874 1101111111
1081 1833 1194 1888 gerit
1231 1846 1330 1876 cum
1359 1833 1570 1885 Lucanis,
1610 1835 1654 1876 et
1684 1846 1804 1876 muro
1834 1834 1947 1876 inter

417 1893 667 1948 Scylaeium
698 1893 742 1933 01
771 1890 960 1945 Nepiten
991 1890 1120 1933 ducto
1154 1891 1344 1935 Graecas
1375 1892 1505 1935 urbes
1536 1894 1682 1934 11101111·
1822 1927 1830 1931 -

358 1952 472 1994 Dion
502 1951 745 1993 libertatem
767 1949 1139 2004 Syracusanorum
1168 1951 1464 2003 restituturus,
1497 1953 1648 1993 coacto
1668 1963 1802 2006 parvo
1823 1963 1946 2006 exer-

419 2011 521 2062 citu,
553 2010 600 2051 in
623 2008 817 2051 Siciliam
847 2008 972 2059 redit,
1004 2010 1048 2050 et
1069 2008 1316 2063 Syracusis,
1347 2009 1594 2065 Dionysio'
1581 2022 1628 2051 111
1648 2008 1776 2052 Italia
1797 2009 1945 2051 etiam-

415 2071 508 2110 tum
541 2069 861 2118 commorante,
878 2067 1086 2121 recipitur

356 2126 469 2169 Arce
501 2127 748 2181 expugnata
779 2127 823 2166 et
852 2124 1050 2167 libertate
1081 2125 1298 2177 restituta,
1330 2138 1428 2167 cum
1460 2126 1619 2168 civium
1638 2125 1836 2181 ingratos
1857 2138 1947 2168 mo-

416 2185 616 2239 bilesque
648 2184 814 2226 animos
847 2185 1052 2238 expertus
1085 2187 1216 2236 esset,
1249 2197 1274 2226 a
1306 2183 1503 2239 Callippo
1524 2183 1782 2227 Atheniensi
1812 2185 1944 2226 inter-

415 2243 558 2285 ficitur

356 2302 477 2344 Idem
510 2300 733 2355 Callippus
764 2312 906 2342 rerum
936 2299 1114 2354 potitus,
1146 2312 1249 2342 mox
1279 2300 1450 2342 elicitur

359 2361 477 2402 Inter
509 2360 669 2402 civium
700 2357 939 2400 discordias
959 2358 1208 2413 Dionysius
1246 2371 1301 2400 ex
1330 2358 1458 2401 Italia
1489 2358 1730 2413 Syracusas
1760 2328 1873 2401 redit
1901 2362 1946 2401 et

414 2418 644 2473 imperium
673 2418 913 2472 recuperat,
955 2416 1032 2459 sed
1063 2430 1088 2459 a
1120 2416 1321 2472 Carthag.
1354 2419 1398 2459 et
1426 2417 1595 2469 Hiceta,
1633 2417 1944 2460 Leontinorum

417 2480 617 2531 tyranno,
647 2475 762 2517 bello
794 2474 1002 2530 premitur

362 2536 564 2577 Timoleon
596 2533 802 2576 Corintho
832 2534 993 2576 missus
1025 2545 1124 2575 cum
1154 2533 1325 2590 exiguis
1357 2534 1494 2589 copiis
1527 2533 1702 2577 advenit

360 2594 504 2636 Carth.
547 2596 591 2635 et
626 2592 826 2634 Hicetam
865 2592 1020 2644 vincit,
1060 2590 1320 2647 Dionysium
1359 2595 1408 2635 ut
1446 2605 1589 2635 arcem
1630 2605 1763 2648 seque
1800 2592 1943 2648 ipsum

414 2652 556 2697 tradat
591 2650 742 2705 adigit,
774 2663 956 2705 eumque
990 2649 1244 2693 Corinthum
1272 2651 1439 2706 relegat

361 2710 425 2752 De
459 2709 911 2764 Carthaginiensibus,
951 2721 1049 2750 cum
1080 2709 1242 2751 maiore
1274 2710 1469 2752 exercitu
1498 2709 1708 2762 reversis,
1745 2709 1943 2764 pulcher-

418 2769 571 2810 rimam
600 2767 827 2809 victoriam
857 2766 912 2808 ad
944 2766 1208 2809 Crimessum
1239 2781 1408 2810 amnem
1438 2769 1643 2822 reportat,
1686 2778 1846 2822 eosque
1878 2767 1947 2811 si-

419 2827 520 2868 cilia
550 2837 686 2879 usque
718 2824 772 2866 ad
801 2824 1016 2879 Halycum
1047 2838 1217 2867 amnem
1249 2826 1457 2868 decedere
1489 2827 1609 2881 cogit

359 2885 572 2927 Exulibus
603 2883 818 2925 revocatis
837 2895 972 2938 remp.
993 2884 1197 2936 restituit,
1227 2884 1428 2927 Hicetam
1451 2887 1704 2939 ceterosque
1724 2884 1771 2926 111
1792 2883 1946 2927 8101113
1966 2918 1970 2920 ,

418 2946 627 2998 tyrannos
657 2941 785 2983 tollit.

359 3002 560 3044 Privatus
592 3002 635 3042 et
666 3012 822 3042 caecus
845 2998 1077 3054 Syracusis
1108 3000 1303 3052 moritur,
1334 3000 1400 3042 vir
1431 2999 1674 3044 admirabili
1692 3000 1943 3055 integritate

417 3059 715 3113 libertatisque
745 3070 889 3100 amore
921 3057 1139 3100 excellens

362 3118 609 3174 Oligarchia
638 3117 725 3160 600
753 3116 974 3159 hominum
993 3117 1234 3160 instituitur
1255 3119 1298 3160 et
1317 3129 1452 3172 remp.
1474 3119 1594 3160 tenet
1623 3119 1724 3159 con
1709 3130 1773 3159 ra
1792 3117 1942 3159 factio-

419 3190 517 3219 nem
547 3175 830 3231 popularium.

361 3235 449 3278 Sed
468 3235 719 3289 Aqathocles
747 3234 805 3276 44
836 3245 971 3276 annos
1003 3236 1144 3286 natus,
1177 3247 1275 3277 cum
1306 3233 1415 3276 forte
1445 3236 1619 3289 praetor
1649 3233 1789 3276 factus
1812 3235 1943 3285 esset,

416 3293 677 3348 pauperibus
709 3292 885 3334 armatis
923 3292 1167 3347 praedaque
1207 3293 1418 3348 saginatis
1457 3292 1730 3347 tyrannidem
1761 3292 1940 3344 obtinet,

417 3365 468 3394 ac
501 3351 757 3394 crudelitate
787 3351 1066 3405 victoriisque
1099 3350 1305 3394 adversus
1338 3351 1487 3393 exules
1519 3353 1676 3393 tuetur.

361 3409 763 3464 Carthaginienses,
812 3410 864 3451 ab
904 3409 1103 3451 exulibus
1146 3410 1364 3461 arcessiti,
1411 3409 1571 3452 bellum
1609 3410 1838 3461 renovant,
1885 3410 1942 3460 et,

418 3466 659 3522 Agathocle
696 3468 741 3510 in
779 3467 944 3523 proelio
983 3467 1038 3508 ad
1068 3480 1236 3510 amnem
1265 3467 1484 3510 Himeram
1523 3468 1660 3520 victo,
1700 3466 1941 3521 Syracusas

344 3556 346 3558 v
418 3526 619 3570 obsident

2171 821 2276 885 954
2366 901 2371 905 .

1981 331 2103 364 30111.
2130 331 2274 373 Olymp.

1990 435 2078 478 406
2169 435 2225 478 93
2246 435 2274 477 3

1991 607 2079 651 405

1993 842 2078 886 397

1996 1017 2081 1062 393
2173 1017 2273 1060 971

1993 1134 2078 1178 337
2172 1134 2228 1177 93
2251 1133 2277 1175 3

1994 1251 2082 1294 383
2173 1250 2228 1293 99
2251 1250 2277 1292 3

1995 1367 2081 1411 367
2146 1367 2273 1423 1031

1995 1426 2082 1470 366
2147 1425 2277 1468 1033

1994 1542 2082 1587 365
2145 1542 2278 1586 1034

1995 1601 2082 1645 363
2146 1601 2277 1644 1043

1995 1777 2079 1820 361
2146 1776 2279 1819 1044

1997 1893 2083 1937 359
2147 1892 2279 1936 1053

1995 2067 2081 2111 357
2148 2067 2279 2111 1054

1994 2242 2082 2286 353
2145 2243 2277 2286 1063

1993 2296 2080 2345 353

1992 2476 2079 2519 346
2142 2477 2275 2520 1063

1994 2535 2082 2578 344
2145 2536 2228 2579 109
2253 2537 2273 2577 1

1994 2651 2081 2694 343
2118 2621 2227 2695 ’109
2250 2652 2276 2694 3

1991 2824 2078 2868 339
2142 2825 2271 2868 1101

1993 3057 2079 3101 337
2144 3058 2275 3101 1104

1992 3289 2078 3333 317
2143 3289 2275 3333 1154

1993 3523 2075 3566 311
