2392 4016
412 195 465 238 18
1117 196 1336 255 Imperium
1368 195 1623 236 Graecorum.

2128 351 2161 375 a.
2187 343 2271 377 Chr.
2293 354 2329 376 ιι.

413 386 604 429 Temeno
638 384 785 428 occiso
818 383 946 430 Oisus
978 382 1181 438 (Κεῖσος)
1210 384 1356 443 Argis,
1387 386 1570 431 Phalces
1603 387 1783 431 Temeni
1813 387 1841 430 f.
1876 386 2080 444 Sicyone,

465 442 750 500 Deiphontes,
783 443 903 488 Tem.
936 457 1082 502 gener,
1113 444 1320 502 Epidauri
1349 449 1534 503 regnant
2133 447 2302 500 (1074)

410 503 668 546 Tisamenus
702 515 801 546 cum
830 502 1017 547 Achaeis
1049 503 1278 561 Aegialum
1309 505 1440 561 petit,
1479 508 1634 562 postea
1661 503 1868 548 Achaiam
1907 504 2078 547 dictam.

407 561 646 605 Duodecim
684 562 814 606 urbes
852 562 1005 605 Ionum
1037 561 1262 616 (Pellene,
1303 564 1485 620 Aegira,
1526 564 1696 621 Aegae,
1735 564 1872 616 Bura,
1915 563 2080 616 Helice,

464 619 664 677 Aegium,
695 620 889 677 Rhypes,
921 621 1089 674 Patrae,
1121 622 1302 675 Pharae,
1344 623 1520 675 Olenus,
1560 623 1714 679 Dyme,
1746 622 1933 665 Tritaea.
1996 622 2081 664 He-

399 716 402 720 .
464 679 556 722 rod.
592 680 631 732 1,
664 678 777 780 ε1345)
818 683 1085 736 occupantur
1124 681 1176 724 ab
1209 682 1302 724 eius
1335 684 1378 725 et
1409 656 1599 724 Pent'hili
1627 682 1773 725 fratris
1804 681 1922 734 filiis,
1970 681 2080 723 Pau·

464 750 555 781 san.
588 738 630 792 7,

405 796 533 839 Iones
572 797 619 839 in
650 795 841 839 Atticam
881 808 928 839 se
965 796 1203 853 recipiunt,
1245 810 1330 854 quo
1367 798 1453 841 iam
1493 811 1549 841 ex
1587 798 1808 857 Messenia
1837 798 2080 841 Melanthus

464 868 561 898 cum
592 855 763 898 Nelidis
794 858 972 898 venerat
1003 857 1046 898 et
1076 869 1154 899 rex
1184 855 1325 900 factus
1358 860 1463 900 erat.

403 914 541 956 Dores
574 914 794 970 Ephyram
827 914 918 956 sive
943 913 1197 957 Corinthum
1229 916 1439 970 obtinent,
1470 917 1624 969 Aletes,
1658 928 1767 959 unus
1800 928 1855 958 ex
1875 915 2077 958 Herculis

461 973 663 1028 posteris,
694 985 829 1028 regno
860 973 1024 1027 potitur
2140 976 2302 1029 (1075)

406 1031 544 1074 Dores
576 1031 794 1086 Megaram
826 1033 1053 1086 occupant,
1086 1043 1195 1086 quae
1227 1034 1355 1074 antea
1384 1032 1537 1075 Ionum
1564 1032 1719 1086 fuerat,
1757 1032 1836 1075 sed
1866 1046 1891 1075 a
1919 1032 2078 1076 finibus

461 1089 634 1131 Atticae
665 1089 888 1142 recedunt,
929 1091 1160 1144 postquam
1193 1088 1375 1143 Codrus,
1416 1091 1595 1134 ultimus
1626 1091 1957 1134 Atheniensium
1987 1105 2079 1144 rex,

463 1147 586 1190 caedi
615 1148 848 1203 semetipse
882 1147 1098 1190 obtulerat
2138 1153 2302 1206 (1068)

411 1265 602 1309 Graecae
634 1263 830 1306 coloniae
850 1261 983 1307 Asiae
1005 1276 1122 1306 oram
1145 1266 1359 1321 occupant
1391 1265 1462 1315 (ab
1484 1277 1522 1307 a.
1547 1264 1661 1308 1124
1681 1277 1777 1321 usq.
1810 1265 1912 1308 circ.
1932 1263 2080 1318 1000).

433 1325 471 1367 1.
517 1323 712 1365 Aeolicae
743 1323 885 1378 gentis
918 1324 1240 1379 antiquissima,
1274 1324 1383 1366 duce
1414 1324 1638 1377 Penthilo,
1672 1324 1838 1367 Orestis
1869 1323 1980 1378 filio,
2022 1337 2077 1366 ex
2138 1328 2302 1381 (1124)

519 1382 821 1437 Peloponneso
852 1381 1060 1437 profecta,
1094 1382 1172 1425 sed
1203 1382 1419 1426 adiunctis
1451 1383 1562 1436 aliis,
1594 1384 1850 1439 praesertim
1879 1383 2075 1436 Boeotis,

519 1454 597 1496 per
629 1440 859 1482 Thraciam
897 1441 942 1483 in
973 1440 1148 1484 Lesbon
1187 1444 1230 1484 et
1263 1441 1485 1484 Tenedum
1525 1442 1691 1486 insulas
1724 1445 1767 1484 et
1796 1443 1928 1485 Asiae
1960 1455 2079 1485 oram

518 1499 790 1551 transmissa,
821 1499 898 1542 ubi
930 1498 983 1541 12
1017 1500 1146 1542 urbes
1179 1500 1434 1553 conduntur,
1466 1513 1646 1556 quarum
1677 1503 1808 1556 caput
1839 1504 1907 1544 est
1928 1500 2078 1556 Cyme.

520 1557 748 1613 (Reliquae
771 1560 980 1601 suntsec.
1012 1558 1114 1600 Her.
1140 1558 1289 1611 1,149
1310 1559 1528 1612 Lerissae,
1548 1559 1673 1602 Neon
1693 1560 1850 1612 tichos,
1873 1560 2077 1612 Temnos,

521 1615 646 1669 Cilla,
677 1615 868 1669 Notium,
899 1617 1178 1673 Aegrioessa‚
1215 1617 1382 1670 Pitane,
1423 1618 1639 1675 Aegaeae,
1670 1618 1853 1674 Myrina,
1887 1618 2076 1674 Grynea,

520 1674 704 1730 denique
737 1674 944 1731 Smyrna,
983 1688 1093 1731 quae
1130 1679 1286 1732 postea
1315 1677 1468 1739 Ιοιιιιιιι
1507 1677 1623 1720 facta
1654 1676 1764 1731 est).
1825 1678 1945 1720 Haec
1977 1690 2078 1720 con·
2131 1694 2133 1696 ’

519 1733 610 1775 dita
637 1732 823 1776 traditur
853 1735 906 1777 ab
937 1734 1154 1778 Eratosth.
2135 1739 2300 1792 (1034)

430 1792 473 1835 2.
518 1792 686 1834 Ionicae
717 1793 875 1847 gentis.
922 1793 1052 1835 Iones
1085 1796 1128 1835 et
1150 1794 1367 1846 Messenii,
1400 1795 1492 1837 suis
1523 1794 1694 1850 utrique
1726 1794 1903 1837 sedibus
1928 1795 2072 1847 eiecti,

519 1850 734 1893 adiunctis
757 1851 998 1894 Abantibus
1022 1864 1077 1894 ex
1097 1851 1289 1906 Euboea,
1323 1852 1524 1896 Cadmeis
1556 1855 1600 1895 et
1620 1852 1779 1907 Minyis
1801 1866 1858 1895 ex
1877 1853 2074 1906 Boeotia,

517 1908 841 1962 Phocensibus,
881 1910 977 1952 aliis
1021 1910 1084 1961 (v.
1117 1910 1218 1953 Her.
1253 1910 1294 1963 1,
1328 1911 1437 1962 146)
1468 1911 1652 1954 Athenis
1690 1912 1737 1953 in
1766 1911 1917 1954 Asiam
1957 1912 2076 1955 traii-

518 1968 650 2010 ciunt.
715 1967 846 2010 Codri
874 1967 968 2021 filii,
999 1967 1245 2012 Androclus
1276 1969 1518 2025 Ephesum,
1557 1969 1720 2013 Neleus
1751 1970 1946 2013 Miletum
1977 1983 2079 2013 con·
2250 1971 2258 1978 '

515 2026 623 2068 dunt
2133 2032 2297 2084 (1044)

517 2085 591 2127 alii
630 2085 737 2127 alias
777 2085 929 2138 urbes,
968 2086 1073 2128 item
1114 2085 1168 2127 12
1201 2098 1400 2138 numero,
1441 2086 1649 2132 societate
1689 2089 1733 2129 et
1772 2087 2071 2129 communibus

518 2143 655 2186 sacris
695 2142 912 2197 (Neptuni
948 2143 1168 2186 Heliconii
1204 2145 1250 2187 in
1289 2144 1524 2194 Panionio)
1562 2145 1676 2188 inter
1717 2158 1764 2188 se
1805 2146 2073 2188 coniunctas.

518 2201 682 2256 (Myus‚
723 2201 892 2253 Priene,
935 2201 1173 2257 Colophon,
1214 2202 1428 2255 Lebedos,
1462 2203 1592 2254 Teos,
1633 2202 1930 2256 Clazomenae,
1964 2204 2075 2246 Pho-

491 2272 644 2312 .caea‚
690 2259 924 2315 Erythrae,
973 2259 1106 2303 Chios
1146 2263 1190 2303 et
1229 2261 1382 2304 Samos
1421 2261 1612 2314 insulae,
1662 2265 1885 2317 assumpta
1921 2265 2076 2317 postea

520 2318 725 2373 Smyrna,
767 2331 876 2374 quae
915 2317 1196 2362 Aeolensium
1234 2318 1406 2370 fuerat.)
1482 2320 1592 2362 Item
1631 2320 1798 2363 insulas
1837 2317 2075 2364 Κυκλάδας

517 2377 606 2419 fere
629 2377 756 2420 Iones
777 2377 960 2420 Athenis
980 2378 1166 2434 profecti
1186 2381 1414 2434 occupant,
1444 2377 1631 2431 Naxum,
1665 2378 1813 2431 Ceum,
1847 2379 2072 2435 Siphnum,

518 2435 612 2478 Seri
645 2436 747 2478 hum
778 2436 831 2477 al.

430 2493 470 2538 3.
517 2449 701 2536 Dargae
741 2495 905 2550 gentis,
947 2493 1128 2537 ducibus
1167 2495 1411 2538 Heraclidis
1451 2498 1495 2538 et
1523 2494 1822 2550 Asclepiadis,
1863 2509 1917 2538 ex
1947 2497 2072 2539 Pelo-

513 2566 709 2608 ponneso
741 2553 974 2608 profectae,
1008 2552 1159 2596 Cariae
1191 2566 1310 2596 oram
1341 2556 1556 2610 occupant
1586 2552 1687 2606 (ubi
1718 2555 1846 2596 urbes
1877 2555 2073 2597 Halicar-

515 2625 672 2654 nassus
713 2614 756 2653 et
788 2610 975 2662 Cnidus)
1015 2614 1059 2654 et
1088 2612 1288 2655 Rhodum
1327 2615 1372 2655 et
1402 2612 1495 2655 Con
1536 2613 1703 2656 insulas
1746 2613 1897 2665 (urbes
1929 2614 2072 2656 Rhodi
2131 2621 2294 2673 (1000)

518 2673 620 2713 sunt
641 2669 836 2723 Lindus,
868 2670 1085 2725 Ialyssus,
1120 2670 1354 2722 Camirus).

457 2728 665 2772 Eiusdem
696 2730 839 2784 gentis
872 2730 1066 2771 coloniae
1097 2731 1143 2772 in
1167 2729 1339 2772 Cretam
1367 2730 1555 2773 insulam
1575 2729 1809 2786 (urbesque
1835 2730 2069 2784 Gnossum,

517 2787 769 2843 Gortynam,
801 2787 1012 2843 Lyctum)
1042 2788 1390 2844 proficiscuntur

2029 2977 2152 3010 actu.
2176 2977 2220 3009 οι
2282 2986 2318 3017 p.

399 3019 731 3063 Atheniensium
761 3020 929 3062 civitati
960 3033 986 3062 a
1006 3019 1148 3063 Codro
1178 3034 1282 3077 rege
1303 3024 1471 3064 mortuo
1494 3022 1721 3064 archontes
1741 3035 1820 3077 per
1839 3023 1985 3074 vitam,
2223 2986 2281 3018 ΥΠ]

454 3091 594 3133 neque
615 3081 759 3121 tamen
781 3091 973 3122 summae
993 3080 1240 3135 potestatis,
1273 3092 1454 3135 quorum
1475 3081 1640 3136 primus
1661 3081 1830 3133 Medon,
1854 3080 1986 3124 Codri

452 3137 584 3189 filius,
613 3140 821 3192 praesunt
2046 3137 2160 3182 1068

399 3195 596 3238 Corinthi
614 3196 870 3239 Heraclidae
891 3209 1026 3252 regno
1047 3197 1273 3252 privantur
1296 3210 1321 3238 a
1341 3196 1572 3239 Bacchide.
1606 3197 1856 3241 Succedunt
1876 3198 1985 3242 Bac·
2075 3197 2161 3240 956

454 3255 645 3307 chiadae,
677 3256 751 3310 qui
781 3268 963 3311 regnum
992 3269 1070 3310 per
1100 3257 1288 3311 quinque
1321 3258 1484 3297 aetates
1515 3258 1677 3297 tenent.

394 3312 833 3368 Lacedaemoniorum
875 3327 944 3356 res
975 3315 1150 3369 publica
1190 3314 1264 3356 diu
1301 3314 1491 3356 lacerata
1531 3314 1759 3358 discordiis
1790 3327 1869 3371 per
1898 3316 1984 3371 Ly-

455 3387 620 3426 curqum
654 3372 937 3428 componitur,
971 3372 1160 3415 Charilai
1187 3373 1305 3429 regis
1336 3376 1523 3415 tutorem
2067 3371 2154 3415 884

394 3431 576 3473 servatis
631 3431 744 3473 binis
793 3431 967 3486 regibus
1017 3444 1071 3473 ex
1114 3433 1300 3487 posteris
1347 3432 1634 3486 Eurysthenis
1693 3431 1980 3487 (Euryponti-

453 3488 558 3539 dae)
597 3491 641 3531 et
671 3489 845 3545 ,Proclis
877 3488 1070 3545 (Agidae
1111 3489 1364 3544 vocantur),
1405 3493 1449 3533 et
1485 3491 1686 3534 instituto
1726 3494 1880 3533 senatu
1921 3490 1979 3533 28

450 3559 653 3590 vlrorum.
1907 3576 1909 3578 .
