2392 4016
383 201 442 248 80

383 350 655 382 n.rCh.11.C.

412 396 498 438 240
578 395 664 438 503

411 631 497 676 245
579 631 664 675 509

413 841 526 909 244’
580 867 667 910 510

411 1100 496 1143 243
581 1100 660 1144 511

410 1396 496 1438 242
579 1395 664 1439 512

410 1988 491 2030 241
578 1987 664 2030 513

412 2755 500 2799 240
580 2751 666 2799 514

412 3110 498 3154 239
579 3108 665 3154 515

412 3346 498 3391 233
580 3345 691 3390 516-

1159 200 1336 242 Annales
1364 201 1536 241 Romani

728 393 829 437 003.
869 393 930 435 M
931 394 956 436 '.
995 393 1197 436 Otacilius
1232 394 1404 435 Crassus
1439 393 1510 446 II,
1565 393 1628 435 M.
1667 395 1825 436 Fabius
1862 393 2071 444 Licinus.)
2148 394 2308 436 Romae

777 451 998 506 Claudiae,
1036 452 1151 495 filiae
1183 452 1312 508 Appii
1346 452 1497 505 Caeci,
1537 453 1672 496 multa
1702 453 1820 496 dicta
1850 457 1918 495 est
1948 454 2003 496 ob
2036 453 2306 495 inhumanam

777 511 1034 567 superbiam.
1097 511 1164 553 Ti.
1189 512 1487 554 Coruncanius
1518 512 1620 554 dict.
1652 513 1921 555 comitiorum
1956 526 2101 564 causa,
2133 513 2187 554 M.
2210 512 2309 554 Ful-

777 571 874 613 vius
896 570 1081 613 Flaccus
1105 583 1216 625 mag.
1241 583 1306 626 eq.
1341 570 1388 613 111
1408 570 1561 613 Sicilia
1580 583 1720 626 neque
1742 572 1837 623 hoc,
1861 584 1940 613 nec
1964 584 2055 626 seq.
2075 583 2201 622 311110,
2225 584 2309 625 quo

728 630 827 673 Cos.
861 629 924 671 M.
947 631 1103 671 Fabius
1124 630 1273 682 Buteo,
1321 630 1364 671 C'.
1388 630 1545 672 Atilius
1567 629 1770 683 Bulbus),
1803 630 2034 686 quidquam
2067 629 2309 685 proficitur:

774 692 937 730 tantam
984 691 1161 744 repente
1208 690 1585 732 commutationem
1631 701 1772 732 rerum
1823 690 2010 744 insignis
2051 689 2309 731 Hamilcaris

775 747 1006 803 prudentia
1034 747 1152 790 facit.
1186 769 1242 776 -
1281 748 1526 803 Fregenae
1536 749 1616 791 col.
1649 748 1809 792 civium
1841 749 2040 800 deducta,
2074 747 2309 802 eodemque

777 807 873 848 fort.
905 808 1099 862 tempore
1129 807 1311 862 Pyrgos.

649 906 652 908 ,
716 865 762 924 ψ(
757 877 829 907 os.
862 866 916 907 A.
950 866 1136 908 Manlius
1172 866 1366 919 Torquat.
1398 867 1581 919 Atticus,
1637 867 1682 908 G.
1713 832 1976 920 Sempronius
2009 866 2190 906 Blaesus
2219 863 2309 914 II.)
2372 902 2377 906 .

776 923 995 967 Hamilcar
1015 925 1219 980 Erycem
1233 925 1381 967 urbem
1413 928 1598 982 occupat
1628 937 1808 980 eamque
1837 925 2044 967 adversus
2077 925 2309 974 Romanos,

774 996 930 1084 {uprad
942 986 985 1083 eg
1021 983 1133 1083 ittlfra
1171 997 1266 1026 eum
1301 984 1524 1066 sedentes,
1572 983 1776 1027 defendit.
1824 1006 1880 1013 -
1927 985 2194 1026 Brundisium
2227 982 2308 1025 col

813 1054 838 1082 a
931 1054 954 1082 0
987 1053 1041 1083 110
1063 1054 1085 1082 a
1158 1059 1160 1062 ·

731 1099 830 1142 Cos.
869 1099 911 1141 Ο.
945 1100 1183 1141 Fundanius
1212 1063 1437 1152 Fundulus,
1482 1101 1526 1142 0.
1559 1101 1770 1155 Sulpicius
1805 1101 1993 1151 Gallus.)
2056 1101 2105 1143 In
2138 1100 2309 1155 magnis

776 1158 930 1201 aerarii
960 1157 1140 1214 publicii
1171 1159 1418 1218 angustiis
1429 1171 1533 1202 011111
1561 1159 1716 1202 classis
1738 1159 2008 1203 aedificanda
2029 1163 2162 1212 esset,
2194 1173 2306 1215 resp

776 1219 1040 1273 privatorum
1073 1218 1227 1273 opibus
1260 1215 1541 1271 sustentatur,
1573 1220 1618 1261 et
1646 1217 1736 1262 200
1766 1219 2098 1274 quinqueremes
2122 1219 2308 1274 optimae

776 1279 1097 1320 construuntur.

835 1336 885 1379 L.
919 1336 1135 1379 Caecilius
1166 1336 1365 1378 Metellus
1397 1338 1567 1379 creatur
1596 1300 1748 1392 pontif.
1781 1349 1894 1378 max.

639 1403 649 1416 ⁸
728 1395 759 1438 C
765 1408 829 1438 03
850 1396 903 1437 L.
924 1396 1120 1437 Lutatius
1144 1396 1326 1448 Catulus,
1349 1396 1403 1437 A.
1422 1396 1654 1438 Postumius
1666 1394 1881 1446 Albinus.)
1903 1394 1991 1447 (23.
2015 1395 2116 1437 belli
2139 1395 2310 1445 annus.)

777 1455 901 1498 Alter
932 1467 1033 1497 003.
1053 1454 1156 1510 quia
1184 1453 1340 1497 flamen
1362 1451 1570 1497 Martialis
1592 1458 1724 1508 esset,
1756 1456 1918 1497 Romae
1948 1455 2158 1497 retinetur
2180 1467 2205 1496 a
2225 1454 2311 1496 Me-

777 1514 880 1556 tello
910 1512 1116 1569 pontifice
1156 1527 1268 1556 max.
1338 1513 1488 1569 Itaque
1519 1527 1573 1556 ex
1604 1515 1898 1569 praetoribus,
1938 1515 2010 1567 qui
2039 1515 2113 1555 hoc
2140 1515 2310 1567 primum

779 1587 882 1615 anno
904 1574 981 1614 duo
1013 1582 1214 1625 creantur,
1247 1573 1355 1615 alter
1378 1572 1427 1624 Q.
1445 1572 1644 1616 Valerius
1665 1573 1791 1616 Falto
1823 1586 1920 1616 cum
1942 1573 1991 1615 L.
2014 1573 2188 1615 Lutatio
2219 1585 2308 1615 cos.

775 1633 821 1674 in
852 1632 1046 1675 Siciliam
1077 1631 1380 1688 proficiscitur.
1449 1632 1506 1674 Hi
1546 1632 1647 1674 dum
1678 1632 1927 1691 Drepanum
1965 1634 2081 1674 terra
2118 1633 2310 1686 marique

776 1694 1042 1747 oppugnant,
1082 1690 1338 1735 Hannonem
1371 1691 1512 1734 classe
1542 1691 1631 1735 400
1662 1692 1836 1734 navium
1867 1694 2118 1733 onustarum
2150 1691 2205 1732 ad
2237 1692 2310 1733 ob-

775 1750 988 1792 sidionem
1019 1750 1270 1793 solvendam
1301 1750 1495 1803 missum,
1528 1752 1587 1792 ad
1612 1751 1796 1806 Aeqates
1825 1752 1982 1793 insulas
2013 1750 2080 1802 (a.
2104 1750 2146 1792 d.
2162 1750 2223 1792 VI
2245 1750 2307 1792 Id.

774 1808 926 1860 Mart.)
966 1806 1220 1864 profligant,
1260 1809 1319 1852 70
1347 1809 1529 1852 navibus
1561 1809 1723 1866 captis,
1765 1809 1824 1853 50
1864 1809 2087 1852 demersis.
2157 1809 2309 1864 Itaque

777 1868 922 1922 Carth.
955 1868 1202 1924 desperata
1214 1867 1397 1911 'victoria
1433 1881 1512 1923 per
1540 1868 1831 1912 Hamilcarem
1862 1868 1916 1911 de
1947 1881 2055 1924 pace
2088 1881 2186 1911 cum
2217 1881 2307 1911 003.

777 1918 925 1984 agunt,
959 1929 1002 1970 et
1033 1927 1232 1970 inducias
1263 1926 1508 1983 impetrant.

727 1985 827 2029 Cos.
858 1986 912 2028 A.
935 1986 1123 2028 Manlius
1149 1986 1271 2040 Torq.
1292 1985 1456 2028 Atticus
1475 1987 1540 2039 II,
1578 1985 1628 2035 Q.
1652 1987 1849 2029 Lutatius
1873 1985 2008 2028 Cerco.
2012 1984 2037 2036 )
2088 1986 2183 2027 Pax
2209 1985 2308 2027 Car-

777 2046 1098 2100 tkayiniensibus
1128 2061 1155 2087 a
1182 2046 1333 2101 populo
1364 2045 1495 2088 Rom.
1516 2046 1653 2098 datur,
1687 2059 1739 2088 ea
1770 2044 2040 2097 condicione,
2082 2048 2131 2087 ut
2160 2044 2311 2088 Sicilia

775 2105 1017 2160 insulisque
1047 2105 1162 2147 inter
1185 2104 1272 2148 Sic.
1306 2106 1350 2147 et
1370 2104 1540 2147 Italiam
1570 2105 1666 2148 sitis
1689 2105 1915 2157 excedant,
1948 2106 1992 2147 et
2012 2077 2163 2146 decem
2185 2105 2309 2146 3111113

777 2163 894 2206 3200
915 2164 1080 2206 talenta
1103 2163 1296 2206 Euboica
1316 2163 1519 2219 pendant.
1569 2163 1618 2206 L.
1641 2163 1843 2213 Lutatius
1864 2175 2036 2219 procos.
2060 2175 2158 2205 011111
2179 2162 2310 2204 113110

777 2227 866 2265 003.
898 2234 968 2264 103
990 2222 1035 2264 111
1057 2221 1210 2265 Sicilia
1230 2224 1506 2278 componunt,
1539 2234 1719 2278 eamque
1738 2223 1921 2278 primam
1945 2223 2196 2276 provinciam
2211 2238 2308 2276 pop.

775 2281 894 2323 Rom.
927 2280 1104 2323 faciunt.

835 2341 1023 2382 Faliscos
1050 2342 1213 2383 temere
1243 2336 1503 2382 rebellantes
1535 2339 1778 2382 0031111111
1802 2341 1976 2382 sextum
2006 2338 2119 2381 diem
2142 2339 2309 2394 proelio

749 2410 751 2412 ·
779 2398 987 2442 acerrimo
1018 2399 1132 2441 facto
1170 2399 1217 2441 in
1248 2398 1515 2443 deditionem
1543 2398 1784 2454 accipiunt,
1824 2398 1924 2440 dum
1957 2397 2071 2440 haud
2101 2399 2196 2454 pari
2226 2397 2310 2440 for-

775 2461 882 2500 tuna
903 2458 1284 2514 Carthaginienses
1315 2458 1449 2501 bello
1463 2461 1562 2504 cum
1592 2457 1871 2500 mercenariis
1904 2458 1995 2500 suis
2028 2459 2072 2499 et
2092 2456 2208 2500 Afris
2232 2458 2310 2499 im-

774 2518 1005 2572 plicantur.
1053 2517 1173 2559 Duae
1186 2517 1333 2559 tribus
1363 2530 1389 2559 a
1417 2517 1672 2560 censoribus
1695 2515 1743 2559 C.
1759 2515 1905 2558 Aurel.
1928 2515 2069 2569 Cotta,
2100 2512 2155 2558 M.
2174 2517 2309 2558 Fabio

774 2576 971 2620 Buteone
1004 2576 1152 2628 (lustr.
1185 2575 1274 2627 39.)
1307 2575 1568 2619 adiiciuntur
1589 2576 1745 2620 Velina
1775 2578 1820 2618 et
1851 2575 2044 2628 Quirina,
2085 2578 2134 2617 ut
2164 2589 2311 2617 nume-

776 2634 960 2688 111335,
1003 2637 1074 2690 qui
1097 2644 1244 2690 postea
1272 2636 1434 2688 mansit,
1467 2635 1666 2691 expletus
1696 2634 1850 2677 1110111..
1900 2634 2063 2677 Romae
2102 2634 2308 2690 templum

748 2691 938 2738 ‘Vestae
970 2694 1256 2748 combustum,
1295 2707 1420 2738 sacra
1451 2697 1622 2738 servata
1652 2708 1678 2736 a
1707 2693 1880 2736 Metello
1910 2696 2030 2749 pont.
2062 2707 2174 2735 max.

729 2752 830 2796 Cos.
868 2754 912 2796 Ο.
950 2754 1148 2796 Claudius
1182 2755 1352 2807 Centho,
1404 2754 1527 2796 Caeci
1544 2755 1604 2808 s.,
1651 2754 1714 2796 M.
1747 2753 2008 2807 Sempronius
2043 2752 2309 2802 Tuditanus.)

777 2813 1020 2868 Spoletium
1064 2814 1110 2857 in
1149 2813 1323 2856 Umbris
1372 2813 1542 2856 colonia
1580 2813 1676 2856 Lat.
1716 2812 1968 2855 deducitur.⁴
2025 2812 2118 2855 Hoc
2159 2811 2308 2854 eodem

779 2884 890 2914 anno
921 2871 1073 2915 Livius
1104 2870 1394 2925 Andronicus,
1427 2874 1577 2915 auctor
1606 2872 1753 2928 poesis
1787 2872 2047 2914 dramaticae
2079 2885 2146 2926 311.
2170 2871 2308 2922 Rom„

778 2930 946 2974 fabulas
979 2943 1106 2989 agere
1139 2931 1294 2987 coepit.
1349 2931 1471 2974 Ludi
1501 2931 1691 2974 Floralia
1720 2931 1923 2973 instituti.

837 2988 1259 3046 Carthaginiensium
1289 2990 1543 3033 mercenarii
1574 2990 1619 3031 in
1642 2990 1843 3032 Sardinia
1873 2988 2093 3041 deficiunt,
2125 2981 2254 3031 eiecti
2286 3003 2310 3031 a

778 3047 927 3092 Sardis
959 3049 1119 3092 frustra
1138 3049 1356 3091 Romanos
1386 3049 1442 3091 ad
1462 3048 1757 3104 occupandam
1778 3048 1964 3090 insulam
1985 3048 2278 3090 exhortantur.

728 3108 831 3152 Cos.
866 3108 909 3150 Ο.
932 3108 1148 3150 Mamilius
1172 3109 1364 3160 Turinus,
1408 3107 1456 3156 Q.
1476 3108 1666 3150 Valerius
1686 3107 1848 3157 Falto.)
1907 3107 2126 3149 Hamilcar
2147 3107 2307 3149 Bareas

776 3169 822 3210 in
852 3167 1000 3210 Africa
1030 3167 1191 3210 bellum
1222 3167 1536 3209 internecivum
1576 3180 1673 3209 cum
1704 3167 1983 3209 mercenariis
2016 3169 2060 3208 et
2090 3165 2205 3208 Astis
2239 3178 2308 3208 eo-

775 3239 954 3282 rumque
994 3226 1175 3270 ducibus
1219 3226 1410 3282 Spendio
1451 3228 1495 3268 et
1533 3226 1676 3290 Matho
1718 3226 1843 3281 gerit.
1911 3225 2115 3268 Nascitur
2154 3225 2307 3267 Rudiis

781 3285 830 3340 Q.
861 3286 1036 3328 Ennius.

729 3345 828 3390 Cos.
858 3345 956 3389 Tib.
978 3345 1239 3400 Sempronius
1265 3343 1487 3398 Gracchus,
1518 3343 1569 3386 P.
1582 3343 1771 3386 Valerius
1789 3341 1952 3393 Falto.)
1992 3339 2158 3383 BELLA
2183 3338 2308 3383 GAL-

780 3414 886 3447 1ch
929 3417 1005 3460 per
1052 3403 1109 3448 45
1150 3415 1284 3448 annos
1322 3404 1570 3447 intermissa
1607 3405 1887 3446 renovantur·
1929 3401 1975 3444 P.
2001 3401 2142 3444 Valer.
2183 3401 2307 3443 initio

777 3465 921 3507 victus·
951 3477 1051 3506 mox
1085 3465 1283 3505 damnum
1316 3466 1497 3519 reparat.
1555 3463 1678 3505 Alter
1709 3476 1797 3505 003.
1814 3463 2012 3516 Liyures,
2045 3473 2203 3502 novum
2234 3461 2307 3502 ho-

779 3527 903 3575 stem,
926 3522 1189 3580 aggleditur,
1211 3523 1311 3565 inde
1333 3524 1379 3565 in
1401 3522 1658 3574 Sardiniam,
1680 3534 1860 3564 vacuam
1883 3534 1908 3562 a
1932 3520 2074 3562 Carth.
2098 3520 2306 3570 relictam,

781 3582 955 3635 11311011,
987 3595 1274 3638 magnumque
1315 3594 1536 3623 numerum
1569 3581 1785 3623 hominum
1820 3580 2085 3634 captivorum
2118 3578 2304 3620 deducit
