2392 4016
339 217 395 260 74

340 361 462 395 mehr.

363 933 449 982 294

363 1350 451 1395 293

364 1882 449 1926 292

363 2211 445 2281 291

361 2473 448 2517 290

362 2886 446 2930 289

360 3299 446 3342 288

362 3357 446 3400 287

363 3531 448 3575 286

548 372 580 395 u.
595 372 625 395 0·

529 939 618 983 460

531 1351 615 1395 461

529 1882 616 1926 462

530 2239 617 2282 463

527 2474 614 2517 464

1111 218 1288 260 Annales
1319 220 1490 260 Romani

733 409 902 467 collega
922 412 966 454 et
986 409 1153 454 duobus
1176 410 1273 454 aliis
1296 410 1574 464 exercitibus,
1606 412 1677 455 cui
1697 414 1997 468 propraetores
2019 416 2259 467 praeerant,

731 469 775 512 in
808 469 1002 512 subsidio
1033 470 1272 522 collocatis,
1303 469 1463 512 bellum
1487 471 1672 527 suscipit
1692 474 1842 514 contra
1864 472 2116 514 coniunctas
2138 471 2262 513 Etru-

732 539 917 580 scorum,
951 528 1222 581 Samnitium,
1257 527 1478 571 Gallorum
1501 529 1720 572 Senonum
1752 533 1795 572 et
1821 530 2077 573 Umbrorum
2099 531 2260 584 copias.

730 586 928 631 Etruscis
968 587 1022 630 ad
1062 587 1266 630 tuendam
1304 588 1496 643 ipsorum
1533 591 1691 631 terram
1720 589 1930 640 reversis,
1976 603 2073 632 cum
2106 590 2261 632 ceteris

732 647 933 702 gentibus
966 659 1055 690 cos.
1087 646 1142 689 ad
1162 646 1371 689 Sentinum
1403 646 1655 703 confligunt.
1703 647 1878 699 Decius,
1911 661 2008 690 cum
2032 648 2153 690 Rom.
2188 661 2259 704 pe-

731 705 828 748 dem
858 705 1086 758 referrent,
1127 706 1263 762 patris
1302 706 1499 762 exemplo
1532 707 1630 750 Diis⁴
1657 707 1853 750 Manibus
1886 720 1931 750 se
1965 707 2167 759 devovet,
2211 706 2261 759 Q.

729 764 890 807 Fabius
923 764 978 807 ad
1008 767 1248 807 extremum
1278 765 1503 808 victoriam
1543 768 1738 821 reportat*
1763 766 1980 821 insignem
2013 766 2260 821 Romaeque

729 823 976 880 triumphat.
1037 823 1296 866 Samnitium
1326 823 1436 867 alius
1468 825 1685 867 exercitus
1716 823 1995 879 Campaniam
2023 825 2255 880 populatus

731 896 756 924 a
786 882 834 925 L.
855 882 1085 925 Volumnio
1116 891 1286 939 procos.
1319 884 1363 926 et
1393 883 1504 939 App.
1538 882 1718 927 Claudio
1750 887 1948 939 praetore
1980 884 2178 926 vincitur.

680 940 781 984 Cos.
812 941 865 982 L.
897 941 1127 984 Postumius
1148 942 1352 996 Meyellus
1382 943 1446 993 II,
1477 943 1540 984 M.
1563 943 1720 985 Atilius
1741 942 1966 998 Requlus.)
2019 943 2074 984 M.
2099 942 2258 986 Atilius

727 1001 773 1042 in
810 999 987 1043 Samnio
1026 999 1263 1042 Romanam
1307 1013 1399 1043 rem
1438 1014 1568 1055 aegre
1613 1002 1821 1053 sustinet,
1869 1002 1967 1044 dum
2015 1002 2123 1044 alter
2165 1014 2254 1044 cos.

728 1057 1010 1101 Etruscorum
1038 1061 1129 1101 tres
1159 1057 1452 1102 validissimas
1484 1060 1707 1112 civitates,
1738 1060 1986 1113 Volsinios,
2017 1061 2255 1108 Perusiam,

728 1116 945 1159 Arretium
983 1116 1039 1159 ad
1074 1128 1226 1172 pacem
1256 1117 1488 1171 petendam
1518 1117 1676 1173 adigit,
1716 1119 1896 1175 quibus,
1937 1121 2123 1175 pecunia
2153 1120 2259 1162 mul-

728 1176 854 1228 tatis,
892 1174 1092 1218 induciae
1129 1175 1190 1218 40
1219 1188 1429 1218 annorum
1460 1176 1629 1219 dantur.
1700 1175 1915 1220 Censores
1946 1178 1995 1220 P.
2029 1177 2256 1222 Cornelius

726 1234 902 1287 Arvina,
935 1233 983 1276 C.
1005 1234 1192 1277 Marcius
1215 1234 1388 1277 Rutilus
1418 1235 1542 1318 lustr.
1576 1235 1768 1278 condunt
1793 1234 1900 1288 (30),
1932 1236 1978 1278 in
2010 1249 2094 1292 quo
2127 1251 2259 1280 censa

731 1294 889 1336 civium
921 1292 1094 1337 262322
1128 1294 1283 1349 capita.

682 1351 781 1395 Cos.
813 1353 867 1395 L.
900 1352 1098 1408 Papirius
1127 1353 1182 1394 L.
1203 1354 1246 1407 f.
1280 1352 1356 1407 Sp.
1386 1369 1424 1395 n.
1463 1314 1624 1406 Cursor,
1656 1353 1731 1408 Sp.
1769 1354 1976 1396 Carvilius
2008 1354 2255 1405 Maximus.)

729 1411 946 1455 Samnites
984 1412 1072 1455 ritu
1110 1411 1296 1467 quodam
1334 1413 1594 1455 sacramenti
1631 1415 1803 1456 vetusto
1832 1413 1994 1456 initiati
2024 1413 2078 1455 ad
2108 1413 2257 1458 40000

729 1472 1011 1524 conveniunt,
1051 1483 1160 1526 quos
1198 1470 1248 1512 L.
1289 1471 1488 1529 Papirius
1535 1471 1590 1513 ad
1627 1470 1904 1527 Aquiloniam
1941 1471 2144 1515 ferociter
2180 1486 2258 1528 pu-

729 1533 938 1586 gnantes,
977 1503 1052 1586 S'p.
1086 1529 1300 1573 Carvilius
1345 1529 1399 1572 ad
1437 1529 1679 1573 Cominium
1723 1530 1975 1599 profligant?
2018 1531 2259 1574 Bovianum

728 1590 896 1644 capitur
934 1602 983 1631 ac
1024 1589 1236 1657 diripitur.
1306 1589 1412 1631 Inde
1450 1589 1671 1644 profectus
1705 1589 1919 1633 Carvilius
1958 1590 2004 1632 in
2041 1590 2258 1634 Etruriam

726 1648 940 1700 Faliscos,
973 1649 1048 1703 qui
1078 1647 1338 1700 defecerant,
1373 1650 1558 1700 coercet,
1590 1649 1732 1704 iisque
1763 1649 1960 1691 inducias
1984 1662 2148 1692 annuas
2171 1650 2256 1692 dat.

726 1706 803 1758 (In
824 1707 905 1749 hoc
929 1720 1040 1749 anno
1064 1706 1114 1748 T.
1132 1706 1247 1749 Livii
1267 1707 1449 1750 historia
1469 1707 1644 1760 desinit,
1676 1711 1813 1763 usque
1835 1708 1890 1750 ad
1910 1722 1947 1750 a.
1971 1707 2064 1751 218
2086 1722 2123 1750 a.
2144 1708 2262 1761 Chr.)

786 1765 1002 1809 Solarium
1040 1766 1312 1820 horologium
1349 1767 1552 1822 princeps
1592 1767 1639 1809 in
1668 1767 1774 1810 urbe
1813 1767 1868 1810 ad
1908 1767 2060 1810 aedem
2092 1767 2260 1819 Quirini

727 1825 880 1868 statuit
910 1824 959 1867 L.
992 1824 1192 1880 Papirius
1226 1837 1317 1867 cos.
1343 1854 1346 1857 ι

681 1883 780 1928 008.
819 1884 867 1933 Q.
889 1885 1047 1926 Fabius
1076 1884 1196 1926 Max.
1224 1883 1398 1939 Guryes,
1437 1885 1495 1926 D.
1518 1885 1664 1926 Iunius
1683 1885 1846 1932 Brutus
1865 1884 2066 1935 Scaeva.)
2121 1886 2257 1929 Fabio

725 1956 815 1986 cos.
855 1957 881 1985 a
919 1943 1186 1986 Samnitibus
1223 1943 1340 1986 victo
1372 1943 1630 2000 castrisque
1669 1946 1821 1996 exuto,
1868 1947 2015 1999 pater,
2066 1957 2259 1988 summus

724 2003 970 2058 imperator,
1001 2002 1172 2058 legatus
1192 2001 1254 2055 fit,
1287 2005 1331 2045 et
1351 2002 1578 2058 acceptam
1594 2003 1876 2058 ignominiam
1898 2016 2056 2058 magna
2076 2005 2258 2047 victoria

724 2064 944 2118 reportata
965 2061 1093 2104 delet.
1143 2060 1190 2104 O.
1209 2062 1390 2104 Pontius
1409 2061 1668 2104 Samnitium
1690 2062 1779 2104 dux
1801 2065 1953 2118 captus
1975 2063 2020 2104 in
2041 2063 2257 2120 triumpho

714 2121 911 2172 «ducitur,
944 2120 1243 2176 supplicioque
1273 2120 1470 2163 afficitur.

784 2180 962 2222 Interim
992 2180 1045 2222 ab
1077 2179 1211 2221 altero
1242 2192 1332 2222 cos.
1363 2179 1526 2223 bellum
1556 2179 1652 2222 adv.
1684 2179 1883 2223 Faliscos
1915 2182 2091 2236 geritur.

681 2237 780 2282 Cos.
813 2239 867 2280 L.
899 2238 1133 2280 Postumius
1165 2238 1370 2293 Meyellus
1398 2239 1494 2291 III,
1549 2239 1593 2280 C.
1633 2239 1779 2280 Iunius
1808 2240 1972 2281 Brutus
2003 2241 2256 2292 Bubulcus.)

723 2297 772 2340 L.
805 2297 1055 2341 Postumius
1093 2297 1299 2352 reliquias
1337 2297 1443 2340 belli
1471 2299 1518 2340 in
1550 2298 1726 2340 Samnio
1763 2299 2051 2353 persequitur.
2114 2300 2259 2342 Venu-

726 2357 835 2400 siam
867 2356 1038 2399 colonia
1068 2356 1163 2398 Lat.
1196 2356 1436 2399 deducitur.
1488 2356 1792 2412 Aesculapius,
1825 2357 2043 2412 Epidauro
2075 2359 2257 2401 Romam

726 2415 1003 2472 pestilentiae
1036 2428 1169 2458 causa
1198 2415 1421 2467 advectus,
1453 2416 1622 2459 colitur.

678 2475 777 2518 Cos.
809 2475 859 2516 P.
897 2475 1106 2516 Cornelius
1136 2475 1326 2528 Rufinus.
1373 2472 1480 2517 *M
1457 2477 1468 2496 '
1519 2475 1665 2517 Curius
1683 2474 1929 2525 Dentatus.)
1992 2471 2258 2519 Sasim'ms

725 2547 824 2577 cum
843 2547 880 2576 a
910 2533 1077 2576 duobus
1109 2546 1200 2576 cos.
1230 2537 1540 2589 premerentur,
1562 2549 1708 2588 pacem
1735 2543 1896 2588 petunt:
1927 2533 2100 2577 foedere
2134 2549 2259 2591 quar-

723 2596 815 2636 tum
844 2595 1065 2645 renovato,
1098 2592 1213 2635 bello
1245 2592 1301 2636 37
1334 2605 1544 2636 annorum
1574 2592 1674 2636 finis
1693 2593 1957 2661 imponitur.

762 2647 851 2693 .'M.
875 2651 1043 2695 Curius
1055 2651 1242 2695 Sabinos
1272 2654 1527 2707 persecutus
1550 2652 1780 2720 imperium
1799 2652 1950 2707 populi
1971 2652 2096 2694 Rom.
2121 2665 2256 2708 usque

613 2721 615 2723 ·
669 2735 673 2739 -
725 2710 779 2752 ad
809 2723 926 2753 mare
970 2723 1174 2766 superum
1205 2710 1424 2764 extendit,
1462 2712 1531 2754 bis
1563 2712 1609 2753 in
1638 2710 1792 2763 eodem
1821 2711 2078 2766 magistratu
2109 2712 2258 2753 trium-

526 2886 612 2930 465

525 3299 612 3342 466

527 3358 613 3400 467

527 3532 614 3575 468

724 2769 840 2824 phat.
891 2769 1032 2812 Victis
1066 2769 1240 2812 Sabinis
1273 2770 1426 2813 civitas
1459 2771 1553 2813 sine
1586 2769 1793 2825 suffragio
1815 2769 1954 2822 datur,
1986 2769 2064 2812 sed
2083 2770 2129 2812 id
2152 2765 2264 2825 quo-=

726 2840 808 2883 que
839 2827 908 2870 ius
940 2828 1160 2882 accipiunt
1191 2842 1229 2871 a.
1246 2827 1346 2871 241.

676 2886 776 2929 Cos.
807 2886 870 2928 Μ
898 2886 1087 2928 Valerius
1115 2887 1326 2929 Maximus
1361 2887 1568 2939 Corvinus,
1611 2887 1660 2935 Q.
1698 2887 1914 2929 Caedicius
1932 2886 2150 2936 Noctua.)
2187 2884 2256 2929 Μ’.

727 2945 884 2988 Curius
914 2957 1084 2999 procos.
1123 2958 1201 3000 pro
1235 2946 1440 2989 Thurinis
1472 2946 1680 2989 adversus
1710 2945 1913 2988 Lucanos
1946 2959 2038 2987 rem
2069 2947 2182 3001 gerit
2214 2949 2258 2988 et

724 3003 971 3059 triumphat.
1029 3003 1178 3046 IIIviri
1206 3005 1414 3059 capitales
1446 3005 1607 3047 Romae
1638 3004 1946 3055 instituuntur,
1988 3004 2063 3058 qui
2093 3006 2256 3047 carceri

725 3062 1254 3117 animadversionibusque
1279 3063 1485 3118 praesint,
1517 3062 1754 3117 eodemque
1772 3062 1863 3104 fere
1888 3065 2084 3118 tempore
2111 3063 2256 3107 IVviri

724 3122 891 3164 'viarum
912 3121 1197 3164 curandarum
1218 3123 1262 3164 et
1278 3121 1431 3164 IIIviri
1450 3133 1554 3164 auro
1576 3124 1755 3176 argento
1777 3121 1867 3164 aeri
1882 3121 2025 3164 flando
2043 3121 2253 3165 feriundo.

678 3219 681 3221 Α
725 3180 907 3223 Colonia
925 3180 1020 3222 Lat.
1044 3180 1207 3223 Hadria
1238 3179 1436 3223 deducta.
1485 3179 1654 3223 Census
1687 3184 1810 3223 actus
1833 3180 1974 3232 (lustr.
1994 3180 2086 3233 31),
2121 3194 2252 3223 censa

725 3240 885 3282 civium
914 3239 1058 3293 capita
1087 3238 1275 3282 272000.

676 3298 775 3341 Cos.
788 3300 794 3325 Γ
813 3297 862 3346 Q.
885 3297 1083 3339 ·Marcius
1120 3298 1330 3340 Tremulus
1359 3298 1424 3350 II,
1457 3298 1506 3339 P.
1545 3298 1756 3340 Cornelius
1783 3298 1957 3340 Arvina.

689 3366 753 3387 '——-
797 3354 891 3398 *M
929 3355 1126 3399 Claudius
1155 3357 1394 3410 Marcellus,
1441 3357 1482 3399 C.
1505 3356 1691 3400 Nautius
1719 3356 1927 3407 Rutilus.)
1988 3356 2136 3399 Novae
2167 3360 2255 3399 tur-

723 3417 804 3458 bae
834 3417 1010 3470 propter
1041 3428 1250 3458 nexorum
1278 3416 1470 3471 iniquam
1503 3416 1802 3459 condicionem
1833 3419 1877 3458 et
1907 3415 2170 3458 creditorum
2203 3429 2252 3458 ac

725 3474 936 3517 nobilium
967 3474 1263 3529 impotentiam
1294 3475 1577 3518 concitantur.

677 3532 776 3575 Cos.
808 3533 872 3575 M
898 3533 1085 3575 Valerius
1117 3533 1325 3576 Maaeimus
1353 3534 1528 3586 Potitus,
1567 3533 1611 3575 G.
1643 3531 1786 3575 Aelius
1805 3507 1998 3582 Paetus.)
2048 3532 2178 3575 Plebs
2209 3533 2255 3574 in

724 3591 964 3635 Ianiculum
994 3594 1182 3634 montem
1214 3593 1337 3643 (noc
1368 3590 1630 3643 nummum)
1664 3591 1842 3643 secedit,
1878 3604 1956 3647 per
1988 3590 2036 3642 Q.
2070 3591 2252 3633 Horten-
