2392 4016
330 210 416 254 150

327 366 363 396 p.
385 356 423 388 C.
485 364 565 388 u.c.
625 355 711 393 imp.

361 1045 419 1088 64
479 1044 565 1088 817

621 1464 670 1498 tr.

610 1524 695 1567 pot.

623 1579 673 1615 10

362 1868 417 1912 65
479 1868 566 1912 818

636 2645 686 2678 tr.

614 2703 700 2747 pot.

637 2759 686 2795 ll

367 3166 423 3210 66
485 3166 571 3211 819

1099 206 1278 246 Annales
1309 207 1480 245 Romani

784 397 1045 440 militaribus
1088 391 1212 448 (na‘m
1244 395 1292 439 C.
1327 394 1476 439 Cestio
1511 395 1638 440 Gallo
1671 396 1802 452 Syria
1840 397 1940 438 data
1971 395 2068 448 est)
2108 397 2259 453 praefi-

784 457 909 509 citur,
951 457 1025 512 qui
1059 456 1282 498 Tiridaten
1315 455 1370 498 ad
1401 468 1495 498 eam
1527 455 1828 499 condicionem
1860 455 2011 512 adigit,
2051 459 2099 498 ut
2131 456 2260 512 depo·

782 517 913 559 situm
945 516 1000 558 ad
1030 514 1218 571 effigiem
1252 514 1452 558 Caesaris
1485 513 1684 557 diadema
1713 527 1801 557 non
1822 515 1942 571 prius
1966 527 2013 558 se
2035 517 2261 571 gesturum

782 574 1007 631 spondeat,
1041 587 1168 629 quam
1201 574 1363 617 Romae
1396 586 1451 616 ex
1481 574 1680 617 manibus
1713 574 1908 617 eiusdem
1938 575 2166 630 receperit.

849 634 1053 690 Poppaea
1082 632 1217 676 filiam
1248 632 1472 676 Claudiam
1503 632 1594 676 edit
1623 646 1672 676 ac
1705 636 1935 689 propterea
1955 632 2156 689 Augusta
2189 647 2261 689 ap-

781 693 981 748 pellatur,
1015 692 1094 736 sed
1113 692 1255 735 infans
1277 692 1392 735 intra
1412 694 1611 748 quartum
1631 704 1824 735 mensem
1850 693 2133 748 extinguitur.
2177 692 2262 735 Na-

782 753 924 795 tiones
957 751 1133 808 Alpium
1163 752 1474 794 maritimarum
1507 751 1561 794 ad
1592 752 1660 794 ius
1692 750 1808 794 Latii
1838 752 2075 794 traductae.
2130 751 2262 807 Equi·

785 812 903 854 tibus
936 811 1060 854 Rom.
1104 810 1259 854 sedilia
1297 810 1487 854 discreta
1526 824 1551 853 a
1588 810 1716 866 plebe
1755 811 1886 853 etiam
1925 812 1969 853 in
2002 812 2120 853 circo
2153 811 2262 854 assi-

781 873 981 926 gnantur.
1028 869 1166 913 Nonis
1198 870 1324 913 Febr.
1356 873 1497 913 terrae
1528 873 1649 913 motu
1679 869 1941 926 Campaniae
1974 870 2103 912 urbes
2136 870 2261 912 clade

781 929 1041 982 afficiuntur,
1073 929 1283 986 imprimis
1310 929 1506 986 Pompeii
1538 932 1583 972 et
1601 929 1936 982 Herculaneum,
1974 929 2129 973 Senec.
2162 929 2262 972 Nat.
2341 945 2346 949 ·

784 987 960 1039 Quaest.
993 987 1034 1040 6,
1067 987 1108 1030 2.
1758 1009 1763 1011 ·

749 1045 849 1088 Cos.
885 1046 933 1089 C.
965 1045 1210 1088 Laecanius
1241 1046 1422 1098 Bassus,
1452 1046 1509 1087 M.
1531 1045 1729 1089 Licinius
1754 1045 1942 1089 Crassus
1965 1047 2121 1103 Frugi:
2156 1047 2261 1090 Tac.

788 1104 901 1147 Anu.
938 1104 1007 1156 15,
1039 1104 1262 1155 33—47.)
1309 1104 1427 1147 Nero
1456 1104 1638 1147 insanus
1671 1105 1874 1147 cantandi
1905 1106 2121 1162 cupidine,
2152 1106 2264 1149 Nea-

782 1164 873 1219 poli
905 1163 1079 1218 publice
1110 1164 1156 1206 in
1187 1164 1357 1206 theatro
1378 1165 1528 1215 artem,
1561 1175 1648 1218 qua
1672 1164 1799 1206 unice
1820 1175 1868 1206 ee
1890 1165 2104 1208 excellere
2125 1168 2263 1221 putat,

786 1225 1006 1265 ostentare
1037 1223 1195 1278 coepit.
1246 1222 1340 1265 Nec
1372 1235 1398 1265 a
1428 1222 1586 1265 ceteris
1608 1221 1862 1265 libidinibus
1892 1225 2126 1279 temperata
2159 1226 2264 1280 quin

784 1283 915 1324 etiam
949 1284 1100 1324 auctor
1138 1281 1276 1325 fuisse
1306 1283 1484 1338 putatur
1520 1283 1757 1336 qravissimi
1786 1283 1980 1335 incendii,
2022 1294 2107 1338 quo
2139 1296 2195 1326 ex
2225 1297 2263 1326 a.

784 1341 824 1383 d.
861 1341 916 1383 14
949 1340 1040 1384 Cal.
1062 1339 1176 1396 Aug.
1207 1354 1285 1397 per
1316 1353 1396 1384 sex
1427 1340 1520 1383 dies
1552 1340 1688 1383 multo
1720 1341 1857 1383 maior
1889 1341 2108 1384 Romanae
2141 1343 2263 1385 urbis

785 1413 909 1456 pars,
945 1403 1179 1455 veteraque
1210 1402 1489 1443 monumenta
1518 1399 1608 1442 fere
1641 1401 1804 1453 omnia,
1847 1400 1990 1443 deleta
2021 1404 2135 1444 sunt.
2197 1401 2265 1444 Ad

782 1472 876 1502 eam
906 1458 1064 1502 samam
1094 1460 1350 1502 abolendam
1377 1460 1643 1512 Christianos,
1676 1460 1867 1502 invisum
1887 1459 2019 1515 vulgo
2041 1460 2262 1503 hominum

784 1531 936 1574 genus,
968 1531 1067 1561 reos
1099 1519 1259 1571 subdit,
1293 1521 1336 1562 et
1367 1519 1726 1574 exquisitissimis
1747 1519 1902 1574 poenis
1926 1518 2073 1562 afficit.
2123 1520 2262 1563 Simul

785 1591 861 1632 per
900 1578 1070 1620 Italiam
1111 1591 1161 1620 ac
1198 1578 1446 1633 provincias
1484 1578 1672 1634 pecunia
1711 1579 1982 1633 conquiritur
2023 1579 2077 1621 ad
2114 1579 2264 1622 urbem

782 1635 1131 1692 magnificentius
1170 1637 1503 1680 restituendam:
1542 1637 1637 1692 ipse
1677 1638 1832 1679 domum
1863 1653 2030 1679 auream
2069 1639 2263 1694 ingentis

786 1696 993 1738 circuitus
1017 1698 1217 1739 extruere
1234 1697 1390 1752 coepit,
1413 1708 1500 1738 non
1518 1695 1590 1738 diu
1608 1708 1867 1739 mansuram.
1899 1696 2043 1739 Etiam
2059 1697 2265 1754 Lugduni

786 1756 831 1796 in
866 1754 1008 1796 Gallia
1037 1768 1243 1811 magnum
1280 1755 1527 1798 incendium
1559 1755 1732 1798 accidit.
1794 1755 1845 1798 In
1876 1755 2079 1800 Iudaeam
2109 1769 2265 1812 procu-

784 1815 900 1855 rator
932 1814 1118 1856 mittitur
1150 1813 1333 1857 Gessius
1366 1814 1536 1857 Florus.

748 1871 800 1914 A.
834 1872 1005 1915 Licinio
1036 1872 1203 1925 Nerva,
1246 1872 1295 1916 C.
1327 1873 1437 1916 Iulio
1468 1871 1616 1915 Attico
1640 1872 1823 1915 Vestino
1855 1885 1946 1916 cos.
1987 1873 2118 1924 (Tac.
2151 1873 2263 1917 Ann.

791 1931 865 1983 15,
898 1930 956 1974 48
969 1932 1103 1984 -16,
1140 1931 1219 1982 13)
1257 1945 1357 1975 cum
1392 1933 1435 1974 C.
1468 1932 1640 1984 Pisone,
1680 1932 1816 1978 nobili
1845 1933 2026 1984 iuvene,
2067 1933 2265 1976 Plautius

786 1991 1044 2043 Lateranus,
1077 2004 1167 2034 cos.
1191 1991 1460 2048 designatus,
1491 1991 1685 2033 Annaeus
1705 1991 1901 2034 Lucanus
1928 1992 2070 2048 pocta,
2102 1992 2265 2035 Fenius

788 2049 942 2102 Rufus,
976 2050 1084 2093 alter
1114 2051 1361 2106 praefectus
1394 2051 1637 2094 cohortium
1664 2053 1866 2106 praetor.,
1899 2051 2058 2107 aliique
2079 2052 2161 2094 viri
2188 2052 2265 2095 mi-

788 2109 936 2152 litares
969 2109 1024 2152 ad
1054 2123 1205 2153 necem
1226 2110 1412 2154 Neronis
1444 2110 1691 2153 coniurant:
1725 2122 1810 2166 quo
1832 2111 2069 2153 atrociores
2091 2111 2263 2164 caedes,

789 2167 962 2210 detecta
991 2182 1052 2221 re,
1085 2172 1343 2225 sequuntur:
1378 2169 1615 2224 eodemque
1639 2169 1818 2212 crimine
1841 2171 1971 2212 etiam
1995 2170 2153 2212 Seneca
2172 2171 2265 2227 pbi-

786 2227 993 2282 losophus
1027 2230 1071 2270 et
1091 2228 1300 2271 Vestinus
1333 2241 1422 2271 cos.
1456 2229 1865 2282 circumveniuntur.
1913 2228 1981 2271 Ad
2014 2229 2158 2272 studia
2187 2243 2267 2273 sua

785 2286 1006 2328 revolutus
1037 2285 1153 2330 Nero
1185 2287 1299 2330 ludis
1332 2287 1726 2342 quinquennalibus
1758 2288 1854 2343 ipse
1887 2291 1930 2330 et
1961 2289 2152 2339 carmina
2183 2303 2261 2345 pu-

787 2344 902 2386 blice
941 2345 1119 2399 recitat,
1160 2349 1204 2388 et
1244 2347 1361 2389 canit
1399 2347 1444 2389 in
1477 2359 1623 2389 scena.
1683 2346 1909 2402 Poppaea,
1952 2347 2044 2389 ictu
2076 2348 2208 2391 calcis
2241 2362 2266 2391 a

789 2404 944 2446 marito
983 2403 1164 2457 afflicta,
1214 2406 1417 2458 moritur,
1465 2408 1634 2448 mortua
1672 2405 1830 2448 divinis
1869 2405 2154 2462 religionibus
2194 2420 2265 2450 co-

787 2462 910 2514 litur;
943 2463 1035 2505 eius
1067 2463 1163 2506 loco
1187 2464 1360 2507 Statilia
1380 2465 1615 2507 Messalina
1636 2477 1746 2507 uxor
1767 2465 1964 2508 sumitur.
2015 2465 2063 2508 C.
2085 2465 2265 2509 Cassius

784 2521 1024 2577 Longinus,
1056 2522 1174 2565 Ictus
1207 2523 1528 2576 celeberrimus,
1559 2524 1606 2566 in
1628 2523 1872 2567 Sardiniam
1905 2524 2089 2577 eiicitur,
2122 2525 2171 2568 L.
2196 2525 2266 2568 Iu-

789 2580 887 2622 nius
911 2580 1102 2634 Silanus,
1137 2582 1434 2626 nobilissimus
1466 2583 1650 2635 iuvenis,
1681 2583 1728 2626 in
1748 2583 1866 2626 illius
1891 2583 2017 2626 domo
2041 2584 2264 2638 educatus,

790 2639 1062 2683 interficitur.
1114 2641 1163 2684 L.
1196 2641 1416 2686 Antistius
1439 2642 1591 2695 Vetus,
1624 2642 1840 2698 quondam
1871 2643 2041 2699 collega
2061 2643 2264 2698 Neronis,

789 2702 1019 2742 accusatus
1050 2713 1225 2743 manum
1257 2702 1342 2744 sibi
1371 2701 1509 2745 affert.

853 2758 938 2800 Tot
975 2758 1240 2803 facinoribus
1271 2760 1446 2803 foedum
1477 2774 1636 2803 annum
1669 2761 1799 2803 etiam
1831 2761 1891 2804 dii
1920 2761 2172 2817 pestilentia
2200 2762 2266 2805 in-

790 2816 1003 2918 {gniugpff
1037 2817 1200 2861 Romae
1222 2818 1385 2872 30,000
1405 2820 1557 2863 funera
1577 2820 1632 2862 ad
1648 2820 1884 2863 Libitinam
1906 2821 2117 2873 nuntiata,
2142 2821 2263 2864 Suet.

834 2887 892 2916 er.
986 2908 995 2916 .

852 2933 1018 2977 Pontus
1049 2935 1380 2980 Polemoniacus
1421 2940 1465 2980 et
1497 2937 1632 2981 Cottii
1669 2950 1850 2993 regnum
1889 2938 2128 2993 inalpinum
2167 2951 2264 2995 pro-

789 2991 957 3034 vinciae
995 2993 1118 3035 Rom.
1160 2994 1315 3037 factae.
1385 2996 1454 3039 Ex
1491 2996 1718 3039 Britannia
1756 2997 1930 3040 decedit
1970 2997 2263 3052 Turpilianus,

786 3052 1054 3151 l(carna-mentis
1086 3053 1421 3109 triumphalibus
1455 3058 1647 3108 ornatus,
1688 3056 1760 3098 cui
1791 3055 1988 3098 succedit
2020 3055 2262 3100 Trebellius

831 3123 1013 3153 ax1mus.

752 3167 799 3211 C.
835 3169 1043 3212 Suetonio
1075 3170 1290 3223 Paullino,
1324 3170 1370 3214 C.
1404 3171 1568 3214 Luccio
1593 3172 1797 3215 Telesino
1830 3184 1920 3215 cos.
1954 3172 2069 3224 (suff.
2091 3172 2263 3218 Annius

791 3227 1068 3271 Vinicianus:
1110 3229 1214 3272 Tac.
1245 3228 1360 3273 Ann.
1395 3230 1463 3283 16,
1499 3231 1744 3284 14—fin.)
1786 3231 1914 3274 multi
1951 3233 2032 3274 viri
2070 3232 2263 3277 illustres

792 3287 974 3329 saevitia
1002 3289 1212 3344 principis
1245 3291 1289 3331 et
1310 3292 1611 3332 accusatorum
1641 3289 1778 3343 (velut
1797 3290 1990 3333 Marcelli
2011 3291 2150 3347 Eprii)
2182 3293 2263 3335 tol-

790 3345 949 3397 luntur,
981 3347 1093 3389 inter
1124 3360 1198 3390 eos
1223 3347 1421 3392 Ostorius
1456 3349 1645 3405 Scapula
1675 3353 1719 3393 et
1742 3350 1789 3393 C.
1813 3350 2057 3402 PetroniuS‚
2093 3354 2135 3393 et
2165 3351 2263 3407 ipsa

790 3404 995 3446 virtutum
1029 3407 1228 3462 exempla
1258 3408 1412 3450 Paetus
1448 3409 1633 3451 Thrasea
1671 3412 1715 3452 et
1744 3409 1930 3452 Marcius
1960 3408 2102 3454 Barea
2134 3410 2263 3453 Sora-

790 3475 894 3514 nus,
933 3463 1232 3508 administrata
1260 3465 1367 3509 Asia
1406 3467 1562 3510 clarus.
1639 3468 1867 3520 Tiridates,
1908 3466 2138 3511 Armeniae
2168 3481 2260 3521 rex,

791 3522 962 3563 Romam
992 3525 1120 3576 venit,
1160 3537 1289 3580 quem
1318 3525 1435 3569 Nero
1475 3526 1704 3582 magnifice
1743 3530 1996 3582 exceptum,
2036 3539 2087 3568 ac
2118 3526 2262 3570 diade-

790 3583 904 3622 mate
935 3583 1146 3634 ornatum,
1178 3584 1339 3626 divinae
1369 3587 1479 3627 vocis
1509 3597 1613 3628 suae
1643 3586 1805 3628 honore
1835 3587 2008 3626 mactat.
