2392 4016
189 307 230 340 0.

145 317 238 399 i'ls

148 826 232 871 119

148 1601 234 1646 120

147 1897 228 1941 121

145 2311 228 2357 122

147 2430 231 2476 123

148 2489 232 2535 124

147 2667 231 2712 125

148 2904 232 2950 126

147 3080 230 3126 127

58 3200 60 3203 ’
150 3198 234 3243 128

150 3375 234 3421 129

586 158 638 199 ab
670 170 776 199 anno
809 171 849 209 p.
872 156 969 199 Chr.
1004 158 1094 199 110.
1120 166 1247 207 usque
1278 158 1331 197 ad
1362 170 1514 198 annum
1553 157 1648 197 129.
2007 154 2090 201 159

303 316 395 399 3¹²1?
444 305 534 397 ¹3⁹⁰
566 349 752 396 Romam
780 362 984 396 reversus
1017 348 1292 395 consulatum
1314 347 1497 393 alterum
1524 348 1620 402 init,
1653 347 1825 405 collega
1843 347 1990 393 Fusco
2010 347 2089 393 Sa-

373 419 379 425 ·
447 415 499 458 tr.
598 410 799 463 linatore‚
837 409 1095 467 senatuique
1127 420 1175 454 se
1205 407 1390 465 probare
1420 406 1583 460 studet,
1624 408 1786 465 populo
1818 408 2089 465 congiarium

270 861 274 868 .
292 824 379 871 872

296 1601 382 1646 873

293 1897 380 1942 874

291 2310 382 2356 875

291 2430 378 2475 876

293 2489 378 2535 877

296 2667 382 2712 878

295 2903 381 2950 879

293 3080 383 3126 880

295 3197 379 3243 881

296 3374 383 3421 882

425 475 512 522 pot.
603 469 678 513 dat
709 482 760 513 ac
792 469 940 514 debita
968 468 1078 513 fisco
1109 468 1304 512 remittit.
1351 466 1453 511 Mox
1483 466 1530 510 in
1550 467 1759 510 Moesiam
1782 466 2089 524 proficiscitur,

600 542 627 572 a
657 528 871 573 Sarmatis
903 528 1231 585 Roxolanisque
1262 526 1494 571 turbatam.
1562 525 1651 570 Sed
1684 527 1982 571 coniuratione
2014 526 2089 570 Ni·

600 588 715 646 grini
757 591 1024 641 commotus,
1071 587 1252 631 Daciam
1289 586 1444 630 Martio
1486 584 1682 629 Turboni
1752 587 1955 639 ermittit,
1994 587 2089 643 ipse

601 650 775 704 praeter
803 647 1035 706 Nigrinum
1075 647 1206 690 etiam
1237 645 1420 690 Lusium
1453 643 1671 698 Quietum,
1749 645 1961 688 ornelium
1993 645 2090 688 Pal-

603 719 734 762 mam,
774 707 1011 752 Publilium
1042 705 1235 758 Celsum,
1275 704 1528 750 consulares
1559 716 1725 757 omnes,
1763 704 2089 748 interficiendos

599 770 736 820 curat,
769 769 940 810 veteres
972 777 1077 810 suos
1109 764 1225 821 apud
1258 763 1493 808 Traianum
1525 763 1855 808 detrectatores.

471 824 500 871 3
559 825 807 869 Hadrianus
839 824 905 869 III
937 837 1028 869 cos.
1073 837 1172 868 cum
1207 822 1257 876 Q.
1290 823 1414 867 Iunio
1447 823 1631 868 Rustico
1670 823 1878 867 invidiam
1918 823 2088 867 illarum

603 885 801 929 caedium
833 884 995 929 eximia
1025 883 1286 928 liberalitate
1318 885 1363 926 et
1392 883 1567 939 imperii
1596 884 1813 940 aequitate
1836 883 1980 926 delere
2003 896 2090 925 ma-

599 945 717 988 xime
750 943 910 997 studet,
940 944 1069 988 homo
1100 943 1247 987 varius
1279 955 1357 999 per
1377 945 1514 986 totam
1535 943 1682 996 vitam,
1715 942 1793 986 sed
1814 942 1888 999 qui
1910 945 2089 986 naturae

603 1004 712 1047 vitia
749 1006 928 1061 propter
967 1002 1252 1060 cupiditatem
1289 1002 1433 1046 laudis
1473 1001 1703 1047 emendare
1743 1006 1787 1046 et
1821 1001 2090 1046 abscondere

600 1063 835 1107 niteretur:
885 1063 1124 1108 amicorum
1165 1061 1553 1118 comparandorum
1595 1062 1970 1115 studiosissimus,
2010 1061 2090 1106 sed

599 1122 716 1167 idem
747 1125 792 1166 et
822 1122 920 1167 aliis
953 1124 998 1166 et
1029 1122 1117 1166 sibi
1148 1121 1376 1174 molestus,
1409 1121 1511 1165 dum
1533 1122 1734 1166 omnibus
1756 1122 1801 1165 in
1822 1122 1953 1165 rebus
1975 1134 2089 1165 unus

602 1182 818 1226 excellere
851 1181 956 1225 vult.
1019 1181 1167 1234 Italia,
1198 1181 1244 1225 in
1276 1183 1480 1237 quattuor
1510 1181 1713 1238 regiones
1747 1181 1908 1234 divisa,
1949 1197 2089 1223 eom-

604 1242 762 1285 laribus
790 1242 970 1297 regenda
1003 1242 1205 1285 traditur.-
1245 1239 1391 1285 officia
1419 1240 1613 1297 palatina
1644 1243 1689 1285 et
1718 1241 1924 1284 militaria
1955 1243 2000 1284 et
2030 1240 2090 1283 ci-

601 1300 708 1345 vilia
739 1300 794 1344 ad
824 1313 982 1344 novam
1012 1300 1243 1344 formulam
1273 1300 1584 1354 instituuntur,
1626 1314 1712 1356 qua
1742 1300 1832 1343 fere
1865 1312 2003 1356 usque
2036 1299 2091 1342 ad

603 1358 941 1404 Constantinum
972 1360 1029 1403 M.
1061 1362 1304 1403 servantur.
1374 1359 1556 1404 Martius
1591 1360 1738 1404 Turbo
1770 1363 1906 1416 praet.
1940 1359 2090 1402 cohor-

600 1420 719 1464 tibus
750 1420 797 1463 in
827 1419 972 1463 locum
1001 1418 1184 1472 Attiani,
1223 1418 1440 1475 quondam
1483 1419 1640 1463 tutoris
1671 1419 1896 1472 Hadriani,
1935 1417 2090 1475 praefl-

601 1480 727 1522 citur.
774 1478 1070 1535 Epistolarum
1100 1479 1311 1535 magister
1342 1478 1495 1522 eodem
1525 1478 1662 1522 ferme
1694 1481 1888 1535 tempore
1923 1478 1969 1522 C.
1986 1478 2091 1521 Sue-

603 1540 736 1581 tonius
771 1538 1039 1592 Tranquillus
1068 1537 1206 1582 fuisse
1236 1537 1435 1581 traditur.

472 1599 502 1642 4
565 1596 665 1641 Cos.
698 1597 749 1640 L.
786 1596 971 1641 Catilius
995 1597 1198 1650 Severus,
1234 1597 1284 1639 Τ.
1308 1596 1513 1640 Aurelius
1535 1597 1699 1641 Fulvus
1722 1597 1971 1649 Boionius.)
2002 1597 2090 1640 Ha-

600 1656 778 1700 drianus
809 1657 894 1701 iter
923 1657 1033 1700 illud
1053 1657 1375 1710 nobilissimum
1396 1657 1602 1710 instituit,
1635 1669 1736 1713 quo,
1768 1657 1946 1701 militari
1969 1669 2088 1701 more

598 1716 858 1772 habituque,
910 1729 1062 1763 omnes
1102 1716 1277 1772 imperii
1314 1716 1564 1772 provincias
1605 1719 1821 1773 peragrat.
1902 1715 2088 1760 Galliam

604 1775 969 1832 Germaniamque
1000 1776 1163 1832 primas
1186 1775 1363 1828 lustrat3
1397 1778 1639 1819 ceterarum
1671 1775 1791 1830 ordo,
1824 1789 1908 1832 quo
1941 1789 2089 1832 quam-

601 1847 684 1892 que
717 1847 831 1878 anno
864 1835 1035 1887 adierit,
1066 1835 1276 1878 incertior
1308 1837 1389 1878 est.

472 1896 499 1941 5
563 1895 664 1940 Cos.
696 1893 839 1937 Annio
862 1894 977 1938 Vero
1009 1894 1066 1947 II,
1098 1893 1148 1936 L.
1181 1893 1374 1951 Augure,
1405 1894 1452 1937 in
1482 1893 1752 1938 Britanniam
1783 1897 2088 1950 transgressus

600 1954 885 2010 provinciam,
916 1966 1040 1998 muro
1063 1952 1219 1998 80000
1238 1966 1450 2011 passuum
1470 1952 1616 2007 duct0,
1648 1954 1702 1996 ab
1724 1954 2086 2010 impressionibus

601 2012 937 2057 Caledoniorum
977 2013 1171 2057 defendit
1219 2013 1373 2066 (ouius
1412 2012 1622 2069 reliquiae
1662 2013 1791 2056 hodie
1831 2013 2088 2057 Picts-wall

602 2071 855 2126 vocantur).
924 2072 1214 2126 Nemausum,
1258 2072 1427 2117 Galliae
1466 2072 1639 2125 urbem,
1679 2073 1850 2116 eximiis
1882 2074 2086 2130 operibus

601 2135 739 2186 ornat,
772 2131 1019 2176 Tarracone
1049 2133 1095 2176 in
1125 2132 1251 2189 Hisp.
1282 2132 1495 2176 hibernat.

598 2250 608 2260 ο
657 2191 822 2236 Romae
852 2192 1051 2236 nascitur
1088 2200 1140 2234 vl
1174 2190 1435 2236 GalsMaias
1473 2190 1528 2234 M.
1562 2189 1788 2245 Aurelius,
1829 2192 1904 2248 qui
1934 2195 2089 2249 postea

473 2311 500 2356 6
562 2253 942 2356 ΟιέἓΡθὶιΙῗἮὲοἰΙίο
973 2308 1130 2354 Aviola
1147 2342 1159 2364 ‚
1200 2309 1248 2354 G.
1274 2309 1463 2354 Corellio
1495 2309 1640 2353 Pansa
1669 2309 1803 2352 Hadr.
1835 2311 1882 2354 in
1913 2311 2086 2368 provin-

450 2412 457 2415 .
599 2370 692 2414 cias
726 2369 917 2414 Orientis
949 2369 1255 2426 proficiscitur.

470 2430 496 2474 7
559 2429 661 2475 Cos.
696 2428 744 2482 Q.
776 2428 1044 2474 Articuleius
1076 2429 1302 2483 Paetinus,
1332 2428 1383 2472 L.
1409 2428 1650 2472 Venuleius
1682 2428 1974 2484 Apronianus.

470 2489 499 2534 8
561 2489 662 2534 Cos·
708 2484 778 2532 Μ’.
810 2488 978 2533 Acilius
1020 2487 1222 2542 Glabrio,
1267 2486 1315 2532 O.
1346 2487 1558 2533 Bellicius
1593 2487 1840 2544 Torquatus
1879 2488 2011 2541 (suff.
2037 2488 2085 2534 G.

597 2548 736 2592 Iulius
771 2546 940 2601 Gallus,
983 2546 1032 2591 C.
1055 2547 1258 2592 Valerius
1291 2546 1540 2599 Severus).'
1584 2546 1856 2591 Britanniam
1887 2549 2003 2606 regit
2032 2548 2085 2592 A.

596 2606 814 2651 Platorius
845 2606 1006 2664 Nepos.
1699 2637 1702 2642 .

477 2668 503 2712 9
566 2666 668 2711 Cos.
699 2665 876 2710 Valerio
907 2666 1104 2711 Asiatico
1135 2665 1201 2720 11,
1242 2665 1360 2709 Titio
1394 2663 1603 2722 Aquilino
1640 2666 1762 2718 (suff.
1795 2665 1844 2710 L.
1877 2666 2085 2724 Epidius)

596 2725 845 2770 Hadrianus
877 2738 934 2770 ex
964 2724 1140 2770 Oriente
1171 2737 1374 2770 reversus
1404 2724 1590 2770 Athenis
1622 2726 1798 2778 hiemat,
1831 2727 1904 2770 cui
1934 2726 2082 2783 impri-

597 2785 682 2830 mis
715 2785 884 2829 civitati
913 2784 1031 2829 favet
1060 2787 1106 2829 et
1134 2784 1300 2829 reditus
1334 2783 1640 2842 Cephalleniae
1672 2786 1754 2829 ins.
1788 2785 1873 2828 dat.
1923 2785 2084 2830 Urbem

597 2842 808 2888 aedificiis
841 2844 1028 2901 aliisque
1060 2844 1268 2902 operibus
1301 2847 1439 2889 ornat.
1504 2844 1616 2889 Tum
1649 2845 1805 2888 Sicilia
1834 2845 2033 2899 lustrata,

447 2903 502 2948 10
564 2902 666 2949 Cos.
697 2902 842 2948 Annio
864 2903 979 2948 Vero
1010 2903 1077 2948 111
1116 2906 1162 2948 et
1197 2903 1248 2948 L.
1281 2903 1426 2961 Eggio
1456 2903 1689 2948 Ambibulo
1725 2904 1905 2948 Romam
1942 2918 2084 2949 rever-

604 2962 724 3007 titur.
784 2962 922 3007 Albae
953 2962 1188 3021 Pompeiae
1219 2964 1266 3007 in
1295 2963 1477 3020 Liguria
1506 2964 1700 3008 nascitur
1733 2963 1825 3008 Cal.
1847 2964 1960 3022 Aug.
1982 2964 2085 3008 Hel·

601 3022 698 3067 vius
728 3022 952 3076 Pertinax,
984 3023 1059 3080 qui
1089 3025 1244 3080 postea
1273 3023 1517 3079 imperavit.

446 3081 496 3125 ll
561 3080 662 3126 Cos.
694 3080 751 3126 M.
783 3081 953 3139 Squilla
984 3081 1236 3127 Gallicanus
1280 3085 1324 3126 et
1356 3082 1408 3127 T.
1441 3082 1603 3126 Atilius
1637 3081 1838 3126 Titianus
1871 3081 1997 3136 (suff.
2032 3083 2080 3127 L.

600 3138 815 3186 Aemilius
847 3141 1022 3195 Iuncus,
1056 3141 1160 3186 Sex.
1193 3141 1330 3185 Iulius
1364 3139 1598 3193 Severus).

448 3198 501 3243 12
564 3198 666 3245 Cos.
697 3199 748 3244 1..
778 3199 948 3245 Nonius
986 3200 1209 3257 Asprenas
1242 3200 1491 3256 Torquatus
1531 3200 1593 3253 11,
1640 3200 1694 3243 M.
1727 3200 1897 3244 Annius
1930 3201 2082 3255 Libo.)

599 3257 857 3304 Nicomedia
887 3262 932 3304 et
953 3259 1168 3304 Caesarea
1197 3260 1243 3303 in
1265 3259 1474 3316 Bithynia
1502 3262 1643 3304 terrae
1674 3263 1793 3304 motu
1815 3259 2080 3318 affliguntur.

599 3317 730 3362 Pater
760 3319 924 3375 patriae
957 3319 1200 3376 appellatur
1230 3318 1356 3373 Had.,
1388 3319 1552 3364 Sabina
1581 3320 1675 3363 eius
1708 3332 1818 3363 uxor
1837 3320 2053 3378 Augusta.

449 3375 504 3421 13
563 3376 612 3420 Ρ.
645 3376 843 3422 Iuventio
876 3376 1005 3423 Celso
1037 3378 1079 3422 11
1111 3377 1301 3431 (celebri
1330 3378 1465 3433 Icto),
1500 3379 1699 3423 Publicio
1729 3379 1934 3423 Marcello
1966 3381 2079 3432 (suff.

599 3435 649 3480 L.
678 3435 859 3483 Neratio
895 3437 1102 3482 Marcello
1133 3437 1199 3491 11,
1253 3436 1303 3491 Q.
1344 3437 1455 3483 Iulio
1494 3437 1664 3491 Balbo)
1703 3450 1794 3482 cos.
1834 3439 2080 3485 Hadrianus

605 3494 792 3540 Africam
823 3496 1074 3554 perlustrat,
1110 3499 1307 3541 versatur
1337 3498 1468 3542 etiam
1499 3498 1545 3542 in
1574 3498 1748 3542 Arabia.
1810 3498 2081 3544 Britanniam

598 3568 735 3612 usque
767 3555 822 3599 ad
853 3569 951 3600 ann.
987 3556 1070 3602 132
1104 3557 1219 3614 regit
1249 3556 1352 3602 Sex.
1384 3557 1522 3603 Iulius
1554 3557 1757 3603 Severus.
