2392 4016
7 2973 13 2982 ·
5 2912 27 2941 ’ζ
6 2724 26 2897 *mmm-⁴*
4 2524 22 2707 nau-*-

1008 232 1163 275 ladui.
1195 233 1319 285 Lydi.
2103 240 2133 284 5

408 425 596 481 Reymm
623 425 749 469 Iuda.
992 423 998 489 Ι
1227 425 1416 480 Reqaum
1446 426 1595 471 Israel.
1836 385 1961 420 ..cu
1985 386 2131 429 mymp'

199 484 315 525 Ueia.
346 485 518 525 lotham.
1033 485 1244 525 Ierobeam
1276 484 1327 523 11.
1391 484 1596 527 Sacharia.
1654 487 1796 529 Schel-

198 544 323 586 Ahas.
367 544 526 596 Assyrii
557 544 829 587 dominantur.
1066 545 1193 587 dum.
1230 544 1460 592 Menahem,
1494 545 1688 594 Pekaiah‚
1723 548 1796 587 Pe-

1092 605 1189 653 kah,
1241 603 1502 653 Assyriorum
1522 608 1608 656 regi
1630 608 1795 657 Tiglath

1091 663 1247 703 Pilesar
1276 664 1463 704 subiecti.
1524 666 1679 715 Borea,
1721 666 1795 706 Sa-

1091 724 1222 763 maria
1242 730 1491 773 expugnata,
1516 736 1541 763 a
1562 724 1796 766 Salmanas·

1091 795 1180 822 sare
1219 790 1363 833 captus
1394 795 1476 823 una
1516 797 1608 824 cum
1647 798 1797 836 magna

1091 843 1236 893 populi
1275 847 1389 893 parte
1429 844 1471 883 in
1511 844 1680 885 exilium
1720 847 1794 886 du·

197 899 368 939 Hiskias
398 911 423 938 a
454 896 733 939 Sanaeharibo
769 904 959 940 vexatur.
1093 903 1200 943 citur
1247 929 1792 944 .............
1886 906 1969 945 722

195 959 396 998 Manasse.
442 957 590 997 Amon.
637 958 765 997 Iosias
795 959 847 998 ab
877 958 959 999 Ne-

256 1019 383 1057 chone
414 1018 618 1068 Aegyptio
661 1019 808 1058 victus.
868 1018 960 1058 Ioa-

256 1078 376 1126 chas,
426 1077 603 1116 Ioiakim
649 1078 701 1117 ab
741 1078 958 1128 Aegyptiis

255 1136 580 1186 Babyloniisque
656 1138 958 1178 decertantibus

255 1202 506 1247 premuntur,
548 1201 590 1235 et
619 1196 795 1238 Ioiakim
825 1209 850 1236 a
880 1197 959 1236 Ne-

254 1256 535 1296 bucadnezare
566 1268 656 1295 cum
679 1262 794 1307 parte
813 1256 959 1308 populi

257 1316 300 1356 in
331 1314 501 1355 exilium
532 1316 722 1356 mittitur.

197 1373 411 1428 (Exilium
450 1375 748 1426 Babylonicum
791 1376 844 1416 70
886 1388 960 1416 an-

991 1387 998 1471 —

254 1431 426 1485 norum)
455 1459 1784 1475 .............................
1879 1438 1964 1476 606

195 1493 377 1533 Ioiaclain
408 1498 450 1532 et
469 1492 644 1532 Zedekia
670 1494 845 1533 similem
873 1506 958 1533 sor-

253 1557 335 1592 tem
366 1552 531 1591 habent.

193 1611 413 1651 Ierusalem
445 1611 676 1651 incenditur
721 1638 1785 1655 .......................
1878 1614 1963 1652 588

195 1669 326 1722 cyrus
366 1672 559 1720 antiquas
597 1672 713 1711 sedes
751 1672 863 1722 genti
894 1683 958 1711 re-

254 1731 390 1770 stituit
450 1755 1696 1770 ...........................
1695 1734 1702 1740 “
1729 1758 1739 1768 .
1774 1763 1785 1774 ,
1879 1731 1962 1770 536

195 1791 411 1840 Templum
441 1790 861 1842 Hierosolymitanum
895 1803 957 1830 re-

254 1851 439 1891 stituitur
494 1872 1782 1893 ............................
1875 1847 1960 1887 514

512 2024 555 2069 4.
618 2019 830 2069 Gaurus
862 2021 1020 2069 Asun
1052 2033 1281 2079 nunonis,
1319 2032 1615 2068 nominum
1649 2018 1807 2067 LYDI.

202 2145 355 2189 Teucer
384 2147 459 2188 aut
487 2143 715 2200 indigena,
753 2144 857 2202 quip
890 2157 914 2188 e
945 2145 1021 2200 qui
1050 2142 1306 2188 Scamandri
1338 2144 1383 2186 et
1412 2141 1515 2186 Idae
1546 2140 1575 2184 f.
1607 2141 1790 2194 dicatur,

253 2206 329 2247 aut
358 2217 414 2247 ex
443 2202 589 2247 insula
618 2202 750 2247 Creta
778 2215 856 2260 pro
875 2206 999 2247 ectus
1030 2203 1076 2246 in
1097 2202 1239 2269 Mysia
1268 2201 1397 2246 sedes
1429 2201 1631 2258 posuisse
1655 2201 1791 2244 fertur

253 2262 332 2317 (ab
362 2262 536 2319 Aesopo
576 2275 701 2307 amne
740 2275 877 2320 usque
909 2262 966 2306 ad
996 2275 1045 2306 os
1080 2261 1244 2316 Caici),
1283 2261 1490 2320 gentique
1523 2260 1791 2304 Teucrorum

251 2335 410 2366 nomen
441 2321 629 2366 dedisse.

192 2383 424 2428 Dardanus
461 2395 517 2426 ex
557 2381 744 2426 Thracia
781 2381 960 2426 colonos
1000 2380 1178 2431 adducit
1223 2382 1267 2424 et
1305 2379 1424 2438 regis
1457 2378 1617 2423 Teucri
1657 2391 1791 2437 gener

253 2441 395 2486 factus
427 2441 610 2485 alterum
641 2453 799 2485 nomen
830 2441 912 2485 toti
939 2441 1062 2498 genti
1092 2440 1305 2498 imponit.·

193 2500 503 2546 Erichthonius
534 2501 636 2557 post
665 2513 764 2544 eum
794 2502 962 2558 regnat.
1332 2505 1342 2513 ’

200 2561 318 2615 Tros,
351 2559 509 2604 Troiae
539 2560 660 2604 urbis
693 2560 905 2614 conditor,
946 2558 1060 2603 unde
1091 2558 1268 2603 tertium
1301 2558 1422 2615 genti
1452 2568 1609 2600 nomen
1641 2555 1791 2599 Troia-

252 2632 421 2674 norum,
450 2619 613 2663 bellum
645 2620 758 2677 gerit
788 2632 887 2663 cum
920 2617 1121 2671 Tantalo,
1151 2629 1255 2673 rege
1289 2616 1444 2673 Sipyli.

193 2681 305 2733 Ilus,
347 2679 475 2723 Trois
507 2677 567 2721 fil.
599 2676 742 2731 (unde
773 2678 902 2722 Ilium
933 2675 1160 2730 vocatur),
1204 2675 1380 2719 Tantali
1417 2674 1555 2719 filium
1585 2673 1790 2731 Pelopem

254 2752 311 2783 ex
332 2737 440 2782 Asia
469 2737 602 2790 eiieit,
633 2750 743 2795 quae
773 2740 1082 2796 perpetuarum
1111 2736 1227 2780 inter
1257 2738 1484 2792 utramque
1515 2736 1691 2792 gentem
1710 2733 1791 2778 ini-

251 2798 512 2842 micitiarum
543 2808 677 2841 causa
704 2795 768 2840 fit.

194 2857 429 2902 Laomedon
458 2855 691 2912 Pergama,
732 2855 852 2899 urbis
884 2867 1048 2908 arcem,
1088 2853 1256 2899 condit:
1299 2853 1352 2897 ab
1383 2850 1673 2910 Argonautis,
1714 2851 1792 2894 im-

284 2915 406 2960 rimis
448 2915 501 2960 ab
539 2913 750 2968 Hercule,
797 2913 911 2958 bello
951 2913 1137 2971 petitus,
1183 2914 1278 2971 ipse
1317 2925 1418 2958 cum
1453 2910 1578 2966 filiis,
1621 2912 1793 2969 praeter

291 2976 487 3028 riamum,
519 2977 623 3019 natu
653 2974 892 3027 minimum,
924 2972 1151 3018 occiditur.

195 3034 366 3079 Priamo
395 3035 605 3091 regnante
636 3033 770 3079 Troia
798 3046 825 3078 a
855 3031 1036 3079 Graecis
1068 3033 1345 3090 expugnatur
1374 3042 1425 3074 ac
1456 3028 1641 3073 diruitur
1830 3028 1981 3081 (1184)

197 3151 261 3196 ΡΙι
310 3153 408 3208 qius
445 3163 575 3208 reges
618 3151 709 3196 anti
740 3150 911 3196 nissimi
950 3150 1096 3194 Melas
1135 3172 1191 3180 —
1231 3147 1422 3193 Gordius
1462 3167 1520 3176 —
1559 3157 1696 3202 usque
1735 3144 1790 3189 ad

300 3210 415 3255 idam
444 3210 498 3263 V,
538 3210 662 3255 cuius
765 3223 817 3255 ns
855 3210 1069 3254 Adrastus
1109 3208 1245 3253 fuisse
1284 3206 1462 3258 dicitur,
1503 3217 1589 3263 quo
1620 3207 1789 3249 mortuo
1880 3204 1968 3249 620

259 3268 448 3314 Croesus
480 3269 716 3327 Phrygiam
744 3282 878 3327 regno
908 3268 1075 3326 Lydiae
1107 3266 1286 3311 addidit.

198 3388 316 3445 Lydi
345 3389 472 3432 antea
500 3386 705 3432 Maeones
738 3386 858 3441 dicti,
889 3399 917 3431 a
945 3385 1070 3443 Lydo
1092 3383 1222 3441 Atyis
1252 3382 1342 3436 filio
1373 3383 1662 3428 nominantur.
1709 3379 1792 3424 Eo·

261 3460 356 3491 rum
385 3459 514 3505 reges
546 3446 839 3504 antiquissimi
869 3458 925 3490 ex
955 3443 1223 3502 Atyadarum
1253 3442 1417 3488 familia
1446 3445 1550 3487 sunt
1580 3438 1792 3510 usque-ad

200 3564 453 3612 Succedunt
473 3563 746 3618 Heraclidae,
775 3575 957 3621 quorum
977 3562 1142 3620 primus
1162 3560 1329 3618 Agron,
1361 3560 1553 3617 abnepos
1575 3511 1793 3612 figi-calli&
1858 3498 1972 3544 1220

261 3624 440 3669 ultimus
473 3623 611 3678 (alter
641 3627 685 3668 et
713 3621 876 3677 vices.)
907 3621 1167 3676 Candaules,
1212 3620 1348 3678 Myrsi
1377 3619 1509 3674 filius,
1546 3618 1720 3664 occisus
1750 3630 1790 3662 a.
1880 3615 1967 3663 719
2026 3615 2125 3661 164
