2392 4016
391 237 473 283 142

387 395 411 427 p
439 385 478 418 C.
524 394 605 418 u-c.
657 385 745 425 imp.

416 410 475 475 '25

417 844 473 887 26

414 1672 470 1715 27

413 1966 472 2010 28

413 2322 468 2366 29

410 2914 469 2958 30

540 431 626 475 778
691 429 744 473 12

690 553 740 587 tr.

668 613 755 658 pot.

688 669 740 706 27

535 843 622 888 779
688 843 740 887 13

687 967 738 1000 tr.

668 1026 754 1069 pot.

689 1080 744 1117 28

533 1671 620 1715 780
685 1671 739 1714 14

689 1766 739 1798 tr.

666 1824 751 1868 pot.

682 1880 735 1916 29

532 1966 615 2011 781
683 1966 738 2011 15

666 2150 751 2195 pot.

682 2206 735 2243 30

531 2321 616 2365 782
682 2322 735 2365 16

663 2505 748 2550 pot.

680 2561 732 2598 31

529 2912 615 2958 783
679 2913 733 2957 17

660 3097 745 3141 pot.

681 3152 734 3189 32

1162 237 1340 277 Annales
1371 236 1542 278 Romani

809 428 910 473 Cos.
941 428 998 471 M.
1029 427 1209 471 Asinius
1241 426 1450 485 Agrippa,
1483 426 1626 472 Asinii
1660 428 1775 474 Galli
1804 429 1937 483 filius,
1971 429 2136 474 Cossus
2159 430 2319 475 Corne-

841 488 927 531 lius
958 487 1169 531 Lentulus
1201 485 1327 539 (suff.
1362 487 1410 531 C.
1442 487 1698 543 Petronius)
1737 490 1841 533 Tac.
1874 490 1986 532 Α1111.
2020 490 2062 542 4,
2094 489 2218 533 34—
2229 490 2318 542 45.)

844 546 1089 590 Cremutius
1123 546 1315 599 Cordus,
1355 547 1634 590 historiarum
1665 549 1873 605 scriptor,
1915 548 2031 604 quod
2063 549 2244 592 Brutum
2277 553 2320 593 et

850 599 1051 650 Cassium
1080 605 1373 648 Romanorum
1404 606 1580 649 ultimos
1613 606 1819 660 dixisset,
1860 612 2106 661 accusatus,
2146 608 2317 652 damna-

843 660 1012 708 tionis
1023 666 1166 708 certus
1213 656 1673 708 vitamaeinediaaefinit.
1748 667 1835 710 Sed
1875 667 2084 719 Seianus,
2127 668 2318 723 alioquin

839 724 1193 781 potentissimus,
1234 724 1555 782 matrimonium
1585 725 1758 782 Liviae,
1792 727 1922 770 Drusi
1954 726 2124 779 viduae,
2158 727 2318 770 frustra

840 785 952 841 petit
982 796 1007 825 a
1039 783 1230 826 Tiberio.
1283 786 1287 787 ’

804 842 905 886 Cos.
939 841 986 885 C.
1021 841 1237 886 Calvisius
1275 842 1484 895 Sabinus,
1529 842 1604 886 Cn.
1653 842 1879 886 Cornelius
1913 844 2124 887 Lentulus
2159 843 2317 887 Gaetu·

840 903 968 954 licus,
998 901 1028 944 f.
1061 914 1151 945 003.
1184 916 1221 945 a.
1254 901 1341 946 753
1374 900 1498 954 (suff.
1534 901 1625 945 Cal.
1658 902 1737 945 Iul.
1771 901 1820 955 Q.
1853 903 2038 946 Marcius
2071 903 2224 956 Barca,
2264 903 2332 946 T.-

838 935 1021 1004 Rustius
1042 960 1270 1004 Nummius
1295 961 1492 1012 Gallus).
1527 961 1630 1004 Tac.
1663 962 1774 1005 Ann.
1805 962 1848 1015 4,
1879 963 1996 1005 46-
1943 961 2092 1015 -6.1)
2130 963 2317 1005 Tiberius

845 1020 991 1075 3119010
1016 1020 1246 1076 religionis
1277 1021 1319 1062 in
1355 1021 1619 1075 Campaniam
1650 1023 1751 1074 abit,
1789 1021 1960 1064 Romam
1990 1038 2068 1065 non
2098 1024 2315 1075 rediturus,

847 1090 932 1133 qua
969 1078 1426 1133 υεᾳυγ3ᾶκωοὲῑέἰῂ
1459 1054 1773 1123 libens-caret.
1843 1072 1932 1124 Sed
1963 1082 2104 1124 saevis
2138 1083 2230 1124 eius
2264 1054 2317 1124 ad

843 1139 1041 1180 senatum
1071 1137 1230 1179 litteris
1262 1138 1451 1193 optimo
1456 1138 1612 1193 cuique
1649 1133 1866 1194 pernicies
1897 1143 2095 1195 paratur,
2138 1140 2319 1183 admini-

843 1198 1007 1246 strante
1047 1195 1220 1238 Seiano.
1304 1196 1394 1238 Iam
1441 1195 1701 1247 1311111131313μ
1705 1198 1981 1254 Agiappinae
2029 1201 2320 1255 corripiuntur

844 1256 953 1311 (quo
984 1255 1029 1297 in
1061 1255 1205 1298 studio
1246 1255 1424 1298 excellit
1451 1256 1660 1298 Domitius
1688 1257 1815 1312 Aser,
1857 1257 2041 1310 orator),
2080 1258 2245 1302 Neroni
2276 1262 2320 1302 et

840 1314 984 1358 Druso
1015 1313 1243 1358 filiis,eius
1274 1314 1731 1358 insidiae-struuntur.

901 1373 1118 1416 Thracum
1146 1374 1192 1416 in
1222 1377 1369 1417 monte
1390 1373 1556 1417 Haemo
1588 1374 1882 1418 deficientium
1902 1374 2046 1419 motus
2069 1390 2094 1418 a
2113 1376 2316 1432 Poppaeo

838 1433 1017 1483 Sabino.
1023 1433 1171 1490 legato
1192 1434 1323 1477 armis
1344 1434 1632 1477 vindicantur.
1679 1434 1730 1477 L.
1738 1433 1971 1494 Apronius
1994 1435 2079 1492 leg.
2101 1435 2146 1478 in
2171 1435 2316 1479 Germ.

838 1493 962 1536 infer.
993 1492 1191 1535 mittitur.

903 1552 958 1595 H.
1001 1566 1038 1594 a.
1078 1555 1266 1595 exeunte
1303 1552 1487 1595 Pontius
1525 1552 1693 1613 Pilatus
1734 1556 1991 1611 procurator
2027 1554 2074 1596 in
2114 1553 2318 1597 Iudaeam

801 1602 807 1655 1
838 1608 1063 1661 mittitur.
1078 1614 1110 1616 ”

802 1663 903 1714 Cos.
936 1671 990 1713 M.
1023 1670 1219 1713 Licinius
1253 1669 1453 1724 Crassus,
1493 1670 1543 1713 L.
1579 1669 1839 1727 Calpurnius
1871 1671 1975 1714 Piso
2009 1671 2132 1723 (suff.
2164 1671 2214 1715 L.
2248 1672 2316 1716 Si-

839 1730 979 1782 lanus,
1014 1729 1061 1772 C.
1085 1729 1290 1772 Vellaeus
1324 1729 1500 1784 Tutor).
1535 1730 1640 1774 Tac.
1671 1730 1784 1773 Ann.
1817 1730 1860 1783 4,
1894 1729 2107 1781 62-67.)
2173 1731 2318 1774 Ruina*⁵

779 1804 782 1806 ’
844 1789 1149 1845 amphitheatri
1179 1788 1294 1844 apud
1314 1789 1505 1842 Fidenas
1537 1801 1668 1846 super
1699 1788 1856 1833 20000
1876 1790 2099 1832 hominum
2117 1794 2315 1847 pereunt,

842 1848 1005 1906 Romae
1043 1859 1179 1899 mons
1185 1847 1376 1903 Caelius
1407 1847 1631 1904 deflagrat.
1691 1848 1893 1892 Tiberius
1931 1850 1977 1891 in
2017 1850 2206 1892 insulam
2240 1849 2317 1892 Ca-

836 1923 960 1965 preas
991 1906 1171 1960 secedit,
1201 1907 1357 1950 cuius
1336 1898 1523 1950 aditum
1554 1902 2185 1964 1111111311,ρ13031ᾰ10-013111111.

802 1966 904 2010 003.
943 1966 1023 2023 Ap.
1063 1966 1214 2009 Iunius
1256 1965 1454 2020 Silanus,
1502 1967 1550 2009 P.
1589 1965 1728 2010 Silius
1759 1964 1923 2010 Nerva:
1973 1967 2077 2010 Tac.
2117 1968 2231 2010 Ann.
2271 1968 2314 2021 4,

841 2026 971 2070 68-
986 2025 1059 2068 fin.
1100 2023 1241 2078 libri.)
1316 2025 1566 2082 111313κο31.
1610 2026 1700 2069 Ι311.
1743 2026 1885 2070 Titius
1927 2026 2137 2077 Sabinus,
2182 2040 2314 2096 eques

838 2085 979 2139 Rom„
1018 2085 1072 2128 ob
1103 2085 1608 2142 Agrippinaweiusque
1621 2086 1822 2129 -domum
1843 2086 2066 2129 fideliter.
2078 2087 2239 2129 cultam
2269 2087 2315 2130 in

846 2158 1063 2188 carcerem
1096 2145 1307 2200 abripitur
1338 2148 1382 2187 et
1412 2147 1605 2188 necatur.

895 2204 1030 2247 Frisii
1067 2206 1242 2260 propter
1278 2204 1551 2259 iniquitatem
1589 2203 1906 2260 praefectorum
1943 2205 2066 2247 Rom.
2108 2204 2315 2248 deficiunt
2364 2231 2370 2233 -

837 2276 918 2306 nec
949 2263 1095 2318 subigi
1124 2265 1309 2318 possunt
1340 2277 1365 2305 a
1396 2263 1445 2305 L.
1467 2262 1674 2319 Apronio,
1705 2264 1850 2320 legato
1874 2263 2019 2306 Germ.
2049 2263 2281 2307 inferioris.

799 2322 847 2365 C.
879 2322 1095 2375 Rubellio,
1130 2321 1177 2365 C.
1210 2321 1333 2365 Fufio
1366 2322 1552 2374 (duobus
1586 2322 1799 2373 Geminis)
1832 2335 1921 2365 cos.
1956 2322 2070 2373 (suff.
2105 2322 2196 2365 Cal.
2230 2323 2310 2365 Iul.

837 2381 887 2424 L.
910 2381 1079 2424 Nonius
1100 2379 1337 2437 Asprenas,
1361 2381 1412 2424 A.
1435 2381 1678 2432 Plautius).
1712 2381 1816 2424 Tac.
1839 2381 1950 2423 Ann.
1975 2381 2016 2434 5,
2043 2382 2127 2424 1-
2071 2382 2163 2426 -5
2185 2382 2311 2438 frgm.

837 2440 950 2499 Iulia
978 2440 1178 2501 Augusta
1209 2440 1339 2492 (olim
1353 2439 1522 2495 Livia)
1556 2415 2056 2484 extremae-*senectutis
2090 2440 2146 2484 86
2180 2454 2312 2484 anno-

839 2497 934 2542 rum
965 2499 1160 2554 moritur.
1223 2490 1314 2542 Iam
1350 2500 1550 2557 Tiberius,
1583 2498 1714 2542 etiam
1744 2492 1825 2543 hac
1857 2500 2057 2543 custodia
2087 2501 2310 2554 liberatus,

838 2568 959 2602 totum
990 2560 1143 2602 Seiano
1183 2574 1225 2601 se
1258 2561 1405 2613 tradit,
1448 2560 1523 2615 qui
1553 2559 1702 2602 foedas
1718 2559 1964 2602 adulatione
1997 2573 2022 2601 a
2054 2563 2207 2602 senatu
2241 2573 2311 2604 co—

835 2619 953 2662 litur.
1013 2613 1144 2661 Eius-
1153 2631 1285 2674 opera
1316 2616 1395 2673 Cn.
1428 2619 1638 2675 Lentulus
1663 2618 1916 2676 Gaetulicus
1950 2618 2207 2670 Germaniae
2241 2632 2310 2663 su-

834 2677 996 2733 periori
1024 2677 1287 2735 praeficitur

900 2737 954 2780 H.
987 2751 1025 2780 a.
1058 2737 1097 2780 d.
1131 2746 1237 2779 xxv
1251 2736 1412 2779 Martii
1434 2735 1632 2799 0111131113
1653 2712 1970 2792 Hierosolymis
2003 2737 2218 2793 supplicio
2251 2737 2310 2779 af-

780 2798 805 2821 ¹
833 2795 999 2849 ficitur,
1038 2785 1548 2852 procuratore‘Iudaeae
1574 2796 1732 2846 Pontio
1751 2796 1927 2850 Pilato,
1969 2795 2151 2852 Syriae-
2164 2797 2309 2852 legato

786 2839 810 2885 ‘—
833 2830 999 2898 Romae²
1029 2855 1207 2899 absente
1240 2855 1319 2907 (cf.
1352 2869 1388 2898 a.
1423 2854 1518 2908 20).

794 2912 850 2956 M.
872 2914 1059 2966 Vinicio,
1090 2915 1141 2957 L.
1175 2914 1328 2958 Cassio
1361 2914 1560 2971 Longino
1593 2926 1683 2957 cos.
1718 2914 1843 2966 (suff.
1879 2914 1969 2958 Cal.
2003 2914 2084 2957 Iul.
2117 2914 2166 2956 L.
2198 2913 2310 2957 Nae·

835 2974 931 3016 vius
965 2947 1200 3026 Surdinus,
1245 2973 1292 3016 C.
1327 2973 1507 3017 Cassius
1539 2972 1812 3029 Longinus),
1852 2986 1935 3029 quo
1976 2986 2088 3016 anno
2119 2974 2310 3026 Velleius,
2343 3013 2349 3020 ,

836 3032 1034 3075 adulator
1066 3032 1228 3084 Seiani,
1260 3033 1485 3075 historiam
1517 3033 1774 3088 composuit,
1805 3031 1985 3075 Asinius
2017 3032 2182 3085 Gallus,
2215 3032 2310 3075 adv.

838 3104 965 3147 quem
1007 3091 1210 3135 Tiberius
1252 3091 1354 3134 olim
1395 3091 1540 3134 odium
1580 3094 1854 3146 susceperat,
1897 3091 1999 3146 quia
2037 3103 2217 3133 uxorem
2257 3092 2310 3134 ab

826 3151 932 3206 'ipso
966 3151 1191 3194 dimissam
1222 3149 1418 3203 duxerat,
1450 3164 1476 3192 a
1507 3162 1598 3193 sen.
1630 3150 1754 3193 iussu
1785 3150 1995 3206 principis
2019 3150 2247 3192 damnatur
2269 3153 2312 3193 et

835 3210 1091 3253 custoditur.
1143 3209 1434 3252 Miserabilius
1467 3210 1598 3252 etiam
1628 3209 1675 3251 in
1705 3209 1802 3265 ipsa
1831 3209 2042 3265 principis
2065 3209 2192 3252 domo
2216 3222 2308 3252 sae-

834 3269 972 3311 vitur:
1014 3281 1112 3312 nam
1143 3269 1260 3312 Nero
1293 3271 1337 3311 et
1367 3268 1560 3321 Drusus,
1601 3267 1851 3311 Germanici
1879 3268 1980 3322 filii,
2020 3269 2166 3311 hostes
2198 3267 2308 3310 iudi-

777 3327 785 3347 )
836 3330 1001 3381 cantur,
1033 3331 1078 3371 et
1107 3329 1216 3371 alter
1244 3328 1291 3383 in
1309 3325 1511 3370 Pontiam
1540 3301 1728 3370 i'nsulam
1749 3327 1967 3383 relegatur
1987 3340 2036 3369 ac
2059 3327 2187 3383 paulo
2209 3329 2309 3383 post

835 3390 1034 3440 necatur,
1075 3388 1184 3431 alter
1220 3387 1266 3430 in
1298 3380 1486 3430 secreta
1500 3399 1672 3430 carcere
1690 3386 1863 3442 „palatii
1895 3388 2112 3429 servatur:
2153 3385 2308 3441 Agrip-

828 3446 936 3505 pina
973 3446 1130 3502 inops
1151 3447 1369 3489 omnium
1370 3459 1523 3489 rerum
1562 3447 1607 3488 in
1646 3445 1907 3488 Pandataria
1942 3445 2085 3487 insula
2122 3446 2306 3486 tenetur.

835 3504 964 3549 Solus
999 3504 1132 3548 Gaius
1165 3508 1288 3548 natu·
1300 3505 1503 3548 minimus
1527 3504 1950 3548 03111ᾶ33ᾱ1113110110
1974 3504 2192 3546 Tiberium
2215 3503 2307 3557 pla-

834 3560 918 3622 cat,
938 3565 1009 3607 et
1014 3562 1202 3622 Capreas
1234 3565 1411 3608 accitur.
1463 3564 1624 3609 Verum
1654 3564 1784 3606 etiam
1806 3563 1989 3607 Seianus
2013 3561 2308 3623 Tiberio-gra-
