2392 4016
841 237 1083 279 Macedonia
1113 243 1156 278 et
1185 237 1369 279 Graecia.

141 427 351 474 Graeciae
381 428 511 473 rebus
542 427 803 484 implicatur,
836 430 1119 484 tyrannorum
1149 442 1175 473 o
1207 429 1306 473 ibus
1337 429 1511 484 favens,
1551 430 1738 478 Athenis

199 488 363 544 potitur
393 490 438 532 et
466 486 732 545 praesidium
759 488 947 545 imponit
966 488 1146 541 (bellum
1205 487 1569 543 hremonideum),
1602 490 1737 535 Acro-

198 547 442 592 corinthum
472 547 670 602 occupat.

138 605 298 650 Aratus
326 606 573 663 Sicyonem,
605 605 756 649 urbem
786 605 971 663 patriam
1001 618 1081 663 per
1110 604 1171 650 50
1200 619 1338 651 annos
1370 620 1397 649 a
1427 607 1626 664 tyrannis
1660 621 1736 665 op-

198 678 406 768 pdioesm
446 665 491 709 in
521 664 766 709 libertatem
797 663 991 710 vindicat
1021 678 1202 722 eamque
1242 665 1429 711 concilio
1459 666 1737 712 Achaeorum

197 739 223 768 a
256 723 396 781 'ungit

138 784 329 827 Primum
357 785 530 840 praetor
560 777 868 840 (στρατηγός)
901 781 951 826 fit
980 782 1254 828 Achaeorum

137 843 255 887 Idem
290 842 544 886 Corinthum
584 844 713 898 capta
751 855 850 885 aree
888 855 914 885 a
943 840 1256 887 Macedonibus
1297 842 1473 897 liberat,
1514 846 1559 889 et
1588 846 1735 889 conci-

195 901 352 945 liandis
373 901 471 945 aliis
493 901 745 946 civitatibus
766 900 988 958 (Megaris,
1013 901 1248 956 Troezene,
1280 902 1518 959 Epidauro)
1539 902 1734 949 Achaeo-

196 974 290 1005 rum
312 973 428 1017 >opes
459 973 619 1016 augere
651 958 799 1003 studet
1561 1014 1564 1020 Ι

135 1020 379 1075 Antiqonue,
410 1020 539 1064 rebus
569 1019 850 1064 Macedoniae
881 1019 1043 1076 optime
1075 1018 1341 1074 constitutis,
1371 1022 1554 1067 moritur
1585 1025 1630 1067 et
1648 1024 1736 1067 Do-

193 1080 373 1123 metrium
403 1079 462 1121 ΙΙ
484 1076 621 1122 filium
651 1090 953 1123 successorem
985 1078 1116 1123 habet

134 1138 243 1194 Agis
271 1138 370 1192 III„
394 1151 474 1182 rex
495 1137 694 1194 Spartae,
726 1137 920 1195 Lycurgi
949 1138 1071 1195 leges
1106 1151 1157 1182 ac
1189 1140 1383 1183 veterem
1413 1140 1521 1196 reip.
1552 1140 1734 1186 formam

191 1198 425 1243 restituere
457 1200 654 1250 conatus,
685 1197 862 1242 biennio
894 1198 995 1266 post
1025 1197 1080 1242 ab
1110 1196 1375 1243 adversariis
1407 1202 1639 1257 superatus
1660 1213 1734 1245 oc-

194 1256 366 1300 ciditur.
408 1257 632 1309 Leonidas,
663 1257 758 1300 eius
789 1256 1008 1309 inimicus,
1038 1255 1435 1314 Eurypontidarum
1466 1257 1630 1304 familia
1658 1273 1734 1304 ex-

192 1315 341 1369 tincta,
380 1315 502 1360 solus
532 1318 689 1372 regnat

133 1376 368 1418 Demetrius
386 1375 445 1418 H
469 1375 657 1419 moriens
678 1373 929 1431 Philippum
959 1372 1109 1418 filium.
1126 1375 1252 1431 regni
1278 1374 1482 1419 heredem
1502 1377 1732 1435 relinquit=

192 1434 317 1478 cuius
347 1434 585 1491 inpuberis
617 1436 735 1477 tutor
764 1433 998 1489 Antigonus
1027 1434 1172 1476 Doson
1202 1436 1359 1490 regnat
1388 1435 1442 1478 ab
1476 1449 1514 1478 a.

133 1491 227 1545 Quo
259 1495 452 1549 tempore
481 1492 643 1536 Aratus
672 1492 995 1549 Megalopolim,
1032 1491 1179 1549 Argos
1211 1493 1406 1550 aliasque
1437 1494 1733 1552 Peloponnesi

192 1552 407 1604 civitates,
451 1551 603 1594 eiectis
635 1551 848 1606 tyrannis,
887 1545 1162 1594 Achaeorum
1194 1553 1412 1596 communi
1443 1552 1657 1610 adiungit,
1687 1557 1734 1598 et

189 1608 382 1655 Athenas
411 1609 630 1666 praesidio
659 1609 942 1654 Macedonico
971 1611 1160 1666 pecunia
1190 1614 1393 1668 corrupto
1424 1611 1581 1657 liberat
1658 1636 1663 1639 ·

135 1669 360 1713 Cleomenes
387 1669 479 1722 HI,
509 1668 730 1712 Leonidae
759 1666 892 1724 filius,
923 1682 1002 1714 rex
1023 1667 1275 1726 Spartanus.
1295 1669 1369 1725 (ab
1401 1685 1440 1715 a.
1473 1671 1597 1727 236),
1627 1685 1730 1717 con-

189 1727 290 1773 silia
317 1727 476 1785 Agidis
507 1728 709 1785 suscipit.

134 1787 245 1831 Cum
274 1787 463 1832 Achaeis
501 1787 688 1831 feliciter
726 1785 891 1831 bellum
922 1787 1059 1843 gerit,
1098 1801 1236 1844 eaque
1267 1790 1592 1846 opportunitate
1622 1804 1729 1835 usus

187 1847 382 1904 Lycurgi
411 1846 535 1904 leges
562 1847 771 1900 restituit,
802 1846 1064 1904 ephororum
1093 1850 1311 1904 potestate
1342 1849 1516 1893 sublata
1534 1859 1729 1907 agroque

187 1907 302 1950 inter
332 1907 451 1950 cives
483 1905 623 1951 diviso

131 1963 240 2009 Cum
270 1979 357 2023 pax
387 1978 476 2009 non
505 1965 804 2019 convenisset,
829 1964 876 2008 in
906 1962 1117 2009 Achaiam
1147 1965 1362 2022 irrumpit,
1394 1962 1617 2022 Pellenen,
1649 1964 1727 2013 Ar-

188 2037 269 2082 gos
300 2025 469 2081 aliaque
500 2037 525 2068 o
587 2023 662 2068 ida
690 2023 823 2081 capit,
855 2019 1054 2068 Corinthi
1085 2037 1230 2068 arcem
1262 2025 1462 2070 obsidere
1494 2026 1650 2083 incipit

129 2082 308 2137 Achaei,
339 2086 517 2128 auctore
636 2085 695 2136 to,
726 2081 996 2139 Antigonum
1028 2079 1194 2127 Maced.
1226 2097 1375 2141 regem
1406 2087 1559 2128 contra
1590 2086 1726 2131 Lace-

188 2143 326 2186 daem.
365 2155 602 2199 eorumque
643 2142 788 2186 socios
826 2141 1008 2186 Aetolos
1048 2146 1298 2196 arcessunt,
1338 2145 1464 2200 eique
1504 2144 1565 2188 ad·
1595 2144 1726 2190 fidem

188 2202 419 2313 societatis)
430 2201 793 2250 Acrocorinthum
813 2200 1002 2246 tradunt.
1035 2200 1228 2255 (Bellum
1251 2201 1574 2248 Cleomenicum
1594 2205 1727 2250 trium

186 2274 395 2305 annorum
1060 2296 1062 2299 .

128 2320 385 2365 Cleomenes
404 2319 671 2378 Argivorum
697 2312 941 2364 defectione
962 2317 1178 2364 Isthmum
1199 2320 1398 2365 omittere
1419 2321 1606 2380 cogitur,
1635 2320 1725 2367 An-

183 2380 366 2437 tigonus
389 2379 741 2436 Peloponnesum
770 2378 916 2422 intrat.
950 2377 1208 2423 Cleomenes
1241 2392 1339 2423 cum
1368 2376 1619 2426 Ptolemaeo
1650 2395 1725 2440 pa-

185 2439 365 2482 ciscitur
394 2441 660 2495 matremque
691 2450 742 2481 ac
773 2437 934 2482 liberos
965 2438 1011 2482 in
1041 2437 1293 2495 Aegyptum
1323 2439 1458 2484 mittit

124 2498 382 2542 Macedones
404 2497 610 2554 Tegeam,
633 2495 967 2550 Orchomenum,
998 2496 1084 2540 alia
1105 2497 1265 2553 oppida
1284 2499 1483 2555 capiunt3
1503 2498 1725 2543 Mantinea

185 2557 238 2601 ab
275 2557 331 2601 iis
372 2559 505 2612 capta
536 2556 687 2601 interit
716 2555 843 2612 (post
871 2555 1120 2613 Antigonea
1149 2556 1306 2608 dicta).
1366 2557 1656 2615 Megalopolis
1698 2572 1726 2602 a

185 2615 419 2660 Cleomene
451 2617 666 2672 occupata
691 2614 942 2660 incenditur

124 2674 372 2732 Antigonus
410 2687 511 2719 cum
539 2673 737 2719 exercitu
773 2674 819 2718 in
849 2672 1110 2718 Laconicam
1149 2673 1371 2731 irrumpit,
1410 2677 1457 2718 et
1494 2672 1525 2718 S

183 2734 239 2777 ad
257 2734 481 2778 Sellasiam
501 2729 701 2788 devictis,
730 2732 836 2777 urbe
856 2733 1034 2791 potitur.
1084 2732 1390 2778 Restituuntur
1409 2732 1574 2791 ephori,
1596 2732 1723 2780 Cleo-

183 2806 332 2838 menes
363 2794 414 2837 in·
439 2792 691 2850 Aegyptum
721 2791 814 2835 abit

184 2852 284 2904 (ubi
313 2851 501 2895 triennio
531 2853 634 2908 post
663 2849 815 2908 perit).

123 2910 451 2955 Heraclidarum
486 2922 672 2968 regnum
701 2907 964 2966 Spartanum
995 2905 1167 2955 finitur:
1207 2906 1414 2967 Spartani
1444 2907 1500 2954 ad
1531 2910 1719 2968 priorem

180 2970 400 3027 ignaviam
430 2968 615 3024 redacti,
641 2968 695 3013 ab
727 2981 779 3013 eo
810 2967 911 3012 inde
942 2971 1137 3025 tempore
1158 2966 1272 3013 inter
1292 2966 1547 3014 Aetolorum
1568 2972 1613 3014 et
1633 2969 1721 3015 Ma-

181 3029 395 3075 cedonum
422 3030 570 3086 partes
600 3026 726 3074 dubii
757 3027 999 3082 haesitant,
1042 3040 1144 3072 mox
1181 3029 1465 3086 tyrannorum
1497 3027 1720 3074 dominatu

214 3090 450 3132 remuntur.

123 3101 376 3204 Antl'zigonus
399 3146 529 3204 paulo
559 3148 662 3203 post
690 3146 738 3190 in
767 3143 1065 3190 Macedoniam
1095 3158 1322 3199 reversus,
1363 3145 1549 3191 victoria
1579 3145 1632 3189 de
1664 3145 1720 3190 11-

183 3204 308 3261 lyriis
327 3208 562 3262 reportata,
600 3204 797 3250 decedit=
828 3218 927 3249 eum
949 3205 1146 3262 sequitur
1165 3205 1388 3261 Philippus
1403 3204 1486 3249 III
1514 3203 1567 3250 16
1589 3217 1721 3250 anno-

184 3276 294 3318 rum,
323 3263 580 3309 adolescens
602 3265 790 3321 optimae
811 3265 921 3321 spei,
943 3263 1022 3308 sed
1043 3264 1096 3308 ab
1120 3263 1465 3309 assentatoribus
1486 3267 1717 3322 corruptus

127 3320 291 3366 Achaei
327 3322 443 3367 bello
488 3323 616 3380 petiti
660 3323 715 3368 ab
752 3322 923 3369 Aetolis
962 3323 1155 3380 victique
1193 3322 1249 3367 ad
1289 3322 1491 3382 Caphyas
1531 3322 1722 3381 Philippi

186 3380 397 3425 auxilium
425 3381 651 3425 invocant:
690 3381 792 3427 inde
832 3382 979 3427 bellum
1007 3383 1160 3426 sociale
1197 3382 1347 3427 oritur.
1414 3381 1494 3434 (In
1523 3382 1720 3440 partibus

185 3439 438 3484 Aetolorum
467 3439 565 3484 Elei
594 3442 640 3484 et
668 3438 1108 3486 Lacedaemoniorum
1138 3454 1217 3485 rex
1247 3439 1504 3511 Lycurgus)

126 3499 354 3556 Philippus
375 3498 650 3543 Ambraciam
670 3498 838 3545 Aetolis
869 3498 1012 3557 eripit,
1043 3499 1294 3544 Acarnanes
1326 3500 1411 3545 sibi
1431 3500 1644 3557 adiungit,
1674 3500 1719 3544 in

183 3557 401 3602 Aetoliam
438 3558 665 3615 irrumpit,
699 3558 802 3604 dum
830 3558 978 3604 Aetoli
1006 3560 1136 3604 Dium
1175 3561 1221 3604 in
1258 3559 1423 3605 Maced.
1462 3559 1640 3604 diruunt
1676 3562 1721 3604 et

185 3617 430 3663 Demetrius
461 3617 644 3663 Pharius
677 3631 703 3663 a
731 3614 940 3663 Romanis
971 3631 1027 3663 ex
1055 3615 1209 3677 Illyria
1235 3617 1412 3677 pellitur

2016 244 2076 289 39

1761 397 1794 420 a.
1805 387 1890 421 Chr.
1928 388 2076 431 Olymp-

1790 728 1875 774 251

1787 787 1875 833 245

1785 965 1873 1011 243

1784 1082 1875 1130 240

1781 1320 1867 1365 241

1782 1437 1870 1484 233

1782 1614 1868 1660 232

1780 1908 1868 1955 225

1775 2027 1866 2072 224

1775 2263 1863 2311 223

1774 2441 1863 2487 223

1686 2675 1696 2685 0
1772 2615 1861 2662 222

1769 2794 1853 2839 221

1770 3262 1859 3308 220

1770 3438 1859 3485 220

1769 3615 1857 3661 219

1935 1322 2019 1367 134
2041 1323 2070 1367 4

1934 1439 2019 1484 136
2040 1439 2070 1483 4

1934 1610 2017 1661 137
2043 1616 2063 1660 1

1930 1906 2019 1956 138
2040 1910 2063 1965 Ξ

1929 2022 2012 2073 139
2039 2029 2058 2072 1

1928 2264 2012 2311 139
2038 2264 2058 2309 1

1926 2438 2010 2488 139
2034 2442 2061 2487 2

1922 2795 2006 2842 139
2032 2796 2060 2840 4

1922 3262 2005 3308 139
2029 3264 2054 3307 4

1922 3439 2007 3486 140
2032 3441 2050 3484 1

1920 3616 2007 3661 140
2028 3616 2049 3661 1
