2392 4016
320 207 404 254 160

320 381 404 445 1'30

321 638 400 682 131

320 1111 402 1155 132

325 1466 407 1509 133

323 1525 407 1569 134

322 1700 405 1744 135

325 2295 408 2339 136

327 2531 409 2575 137

328 2766 411 2809 138

476 366 509 389 u.
522 365 554 388 0·

465 401 552 446 883

466 638 552 682 884

465 1110 551 1154 885

470 1463 555 1508 886

471 1524 556 1568 887

466 1700 553 1744 888

472 2293 556 2338 889

471 2530 560 2574 890

472 2765 554 2808 891

610 357 697 396 imp.

615 402 670 445 14

619 637 672 682 15

616 1109 669 1152 16

620 1464 672 1506 17

623 1523 676 1566 18

619 1701 670 1743 19

618 2291 676 2336 20

621 2530 674 2572 21

619 2765 676 2808 22

1091 210 1270 250 Annales
1300 209 1470 251 Romani

732 400 834 445 Cos.
868 400 918 454 Q.
948 401 1111 446 Fabius
1134 401 1395 456 Catullinus,
1429 402 1484 445 Μ.
1506 402 1684 447 Flavius
1705 403 1857 459 Aper.)
1911 403 2138 461 Templum
2160 405 2245 449 Ro-

771 473 866 504 mae
899 463 942 504 et
963 461 1144 504 Veneris
1177 460 1654 518 magnificentissimum
1686 462 1922 506 dedicatur.
1985 463 2247 518 Hadrianus,

769 521 926 562 iterum
966 520 1020 562 ad
1060 520 1264 563 visendas
1306 520 1496 564 Orientis
1546 522 1793 576 provincias
1834 522 1972 565 Roma
2009 524 2246 579 profectus,

772 579 964 622 Athenas
988 579 1198 622 aedificiis
1221 582 1357 632 ornat,
1389 583 1482 622 tum
1499 579 1748 636 Aegyptum
1770 580 1860 623 adit
1889 582 2035 636 ibique
2068 596 2247 626 versans

713 637 834 681 Cos.
869 638 961 681 Ser.
997 638 1177 681 Octavio
1198 638 1363 682 Lenate
1384 639 1612 692 Pontiano,
1644 639 1699 682 Μ.
1719 639 1910 683 Antonio
1933 640 2089 684 Rufino
2123 642 2186 692 (h.
2210 656 2247 684 a.

770 697 955 740 fortasse
988 697 1086 740 suff.
1119 697 1168 740 L.
1192 697 1453 741 Burbuleius
1488 698 1694 754 Optatus)
1726 699 1964 742 Antinoum
1997 700 2247 755 Bithynum,

773 756 953 799 delicias
995 769 1119 809 suas,
1160 760 1296 800 morte
1337 757 1497 800 amittit
1535 757 1739 813 lugetque
1770 758 2024 814 impensius.
2086 760 2248 802 Romae

772 817 942 858 edictum
977 825 1234 870 perpetuum,
1280 817 1490 872 principis
1529 817 1654 859 iussu
1693 829 1719 859 a
1755 817 1901 860 Salvio
1940 819 2105 860 Iuliano
2143 817 2249 861 icto

772 875 1081 931 compositum,
1121 875 1386 931 publicatur,
1427 878 1546 919 certa
1584 875 1794 931 quaedam
1833 876 2018 919 formula
2048 878 2154 921 iuris
2186 877 2249 920 di-

773 934 915 977 cundi.
970 933 1288 990 Cappadociam
1318 935 1434 991 regit
1453 933 1630 978 Flavius
1652 935 1862 979 Arrianus
1884 936 2248 989 Nicomediensis,

770 993 1054 1048 philosophus
1077 1006 1127 1036 ac
1149 994 1349 1048 scriptor,
1379 994 1509 1050 paulo
1543 997 1642 1037 ante
1671 995 1900 1038 consulatu
1922 1000 2112 1039 ornatus.
2164 995 2250 1039 Na-

773 1051 910 1094 scitur
942 1051 1148 1094 Claudius
1183 1051 1374 1095 Galenus
1407 1053 1602 1096 medicus
1634 1053 1849 1109 Pergami.

732 1108 833 1152 Cos.
875 1108 923 1151 0.
957 1108 1107 1152 Serius
1139 1108 1414 1166 Augurinus,
1460 1110 1508 1154 C.
1552 1111 1737 1154 Trebius
1770 1112 2045 1169 Sergianus.)
2115 1113 2247 1156 Hadr.

775 1168 948 1224 Syriam
977 1169 1094 1221 visit,
1136 1168 1214 1211 sed
1244 1172 1475 1228 postquam
1505 1168 1698 1212 Athenas
1729 1170 1878 1223 rediit,
1918 1172 2079 1224 Iudaei,
2113 1173 2250 1214 ethni-

773 1240 918 1271 corum
951 1228 998 1270 in
1029 1240 1154 1270 sacra
1183 1230 1301 1270 terra
1330 1228 1565 1284 religiones
1598 1241 1684 1272 non
1715 1228 1918 1282 ferentes,
1957 1233 2057 1272 duce
2087 1231 2250 1273 Barco-

775 1288 879 1329 ckab
922 1287 1143 1329 rebellant:
1190 1287 1436 1331 exardescit
1485 1288 1646 1331 bellum
1683 1288 2020 1341 internecivum,
2068 1289 2250 1332 ducibus

776 1346 898 1388 Rom.
932 1346 1087 1389 Tineio
1119 1346 1254 1399 Rufo,
1294 1347 1439 1403 legato
1470 1347 1765 1401 Palaestinae,
1797 1361 1900 1391 mox
1930 1348 2041 1391 Iulio
2074 1348 2251 1401 Severo,

773 1406 847 1461 qui
878 1407 971 1448 erat
994 1410 1077 1461 'pro
1110 1405 1254 1461 legato
1287 1406 1456 1462 Syriae.

737 1463 836 1507 Cos.
867 1465 922 1507 M.
954 1464 1170 1508 Antonius
1203 1465 1406 1518 Hiberus,
1438 1466 1486 1508 P.
1518 1465 1748 1508 Mummius
1781 1465 1968 1509 Sisenna
1990 1466 2249 1509 Rutilianus.

741 1523 840 1566 Cos.
875 1523 922 1566 C.
955 1524 1092 1567 Iulius
1125 1524 1337 1567 Servilius
1371 1525 1509 1568 Ursus
1542 1525 1778 1568 Servianus
1811 1525 1890 1578 111,
1924 1525 1972 1568 0.
1994 1525 2150 1569 Vibius
2183 1525 2251 1567 Iu-

771 1583 951 1695 ventiu33
966 1582 1108 1627 Varus
1140 1583 1254 1635 (suff.
1289 1582 1382 1627 Cal.
1405 1583 1526 1640 Sept.
1550 1584 1599 1627 P.
1623 1584 1820 1627 Licinius
1842 1585 2000 1638 Pansa,
2031 1585 2080 1627 L.
2103 1584 2250 1627 Attius

772 1642 916 1684 Macer

732 1701 931 1756 Luperco
964 1702 1008 1743 et
1038 1699 1186 1743 Attico
1218 1713 1308 1744 003.
1341 1701 1441 1753 (alii
1472 1701 1569 1745 suff.
1602 1700 1816 1745 Pontiano
1851 1704 1895 1744 et
1915 1700 2135 1754 Atiliano)
2167 1702 2250 1744 Be-

775 1761 891 1812 ther,
934 1760 1036 1802 urbs
1077 1761 1242 1802 munita
1272 1760 1552 1813 Iudaeorum,
1592 1764 1886 1817 expugnatur.
1928 1762 2041 1804 bello
2083 1762 2250 1817 perisse

773 1819 976 1861 dicuntur
1007 1817 1192 1862 580000
1221 1819 1440 1879 homines.
1481 1821 1768 1875 Hierosolyma
1797 1821 1882 1862 solo
1915 1830 2163 1874 aequantur,
2206 1824 2250 1862 et

774 1879 921 1920 Aeliae
947 1878 1218 1932 Capitolinae,
1251 1873 1410 1921 eodem
1433 1879 1530 1921 loco
1562 1879 1777 1932 conditae,
1808 1880 1988 1922 introitu
2010 1892 2159 1922 omnes
2182 1879 2250 1922 Iu-

775 1938 873 1980 daei
901 1936 1196 1993 prohibentur.
1379 1947 1382 1951 ·

835 1997 997 2039 Romae
1029 1996 1274 2039 Hadrianus
1318 1999 1551 2065 aeg-rotans
1589 1995 1643 2039 de
1675 1996 1920 2052 adoptando
1951 1995 2041 2039 filio
2074 2010 2123 2040 ac
2155 2009 2253 2040 suc-

776 2068 950 2099 cessore
990 2056 1175 2112 cogitat,
1215 2055 1294 2098 sed
1333 2056 1540 2112 suspicax
1580 2058 1624 2098 et
1663 2069 1818 2099 saevus
1859 2056 2103 2111 complures
2135 2057 2251 2098 viros

772 2115 993 2171 principes
1031 2116 1189 2171 partim
1228 2117 1374 2171 aperte
1415 2115 1576 2158 occidit
1613 2116 1771 2171 partim
1803 2115 1915 2158 clam
1946 2115 2082 2168 tollit,
2121 2116 2167 2157 in
2196 2116 2251 2158 iis
2280 2120 2282 2122 ’

777 2174 1054 2226 Servianum,
1097 2174 1200 2216 olim
1237 2175 1398 2216 sororis
1430 2174 1655 2216 Paullinae
1693 2175 1780 2217 iam
1811 2177 2005 2217 mortuae
2037 2175 2251 2227 maritum,

774 2234 999 2289 ipsamque
1031 2245 1212 2275 uxorem
1245 2233 1452 2275 Sabinam
1482 2246 1650 2276 veneno
1681 2234 1914 2289 putabatur
1946 2234 2193 2277 sustulisse.

738 2291 838 2335 Cos.
870 2292 920 2334 L.
957 2291 1164 2334 Ceionius
1199 2291 1475 2344 Commodus,
1509 2292 1611 2335 Sex.
1635 2292 1876 2335 Vetulenus
1900 2292 2049 2335 Civica
2070 2293 2253 2348 Pompe-

775 2350 934 2402 ianus.)
996 2350 1050 2393 H.
1083 2365 1120 2393 a.
1151 2350 1200 2393 L.
1226 2342 1451 2393 Ceionium
1484 2349 1782 2404 Commodum,
1817 2351 2018 2394 iuvenem
2050 2352 2252 2403 nobilem,

775 2410 1019 2466 pulchrum,
1053 2410 1131 2452 sed
1151 2410 1266 2452 vitae
1300 2410 1428 2453 nimis
1452 2422 1656 2452 amoenae
1679 2423 1769 2453 003.
1792 2410 1984 2466 adoptat,
2014 2410 2064 2453 L.
2081 2410 2253 2453 Αο1111111

777 2468 1009 2512 Caesarem
1041 2469 1248 2525 appellat,
1277 2469 1407 2511 etiam
1439 2469 1688 2512 Pannoniae
1718 2468 1926 2525 praeficit.

740 2528 839 2571 Cos.
872 2528 921 2571 L.
954 2527 1105 2571 Aelius
1132 2528 1272 2571 Verus
1307 2527 1469 2571 Caesar
1501 2528 1556 2581 ΙΙ,
1589 2529 1639 2571 P.
1671 2527 1845 2571 Caelius
1867 2528 2079 2571 Balbinus
2102 2528 2252 2571 Vibul-

779 2578 871 2630 lius'
886 2586 1023 2638 Pius.)
1075 2587 1215 2630 Verus
1247 2587 1482 2630 tribunicia
1511 2590 1728 2643 potestate
1760 2590 1804 2630 et
1833 2600 1951 2643 proc.
1975 2587 2155 2655 imperio
2187 2600 2254 2629 or-

778 2650 904 2690 natur
943 2647 1148 2702 urbisque
1181 2659 1329 2690 curam
1362 2647 1496 2702 gerit,
1537 2646 1638 2689 dum
1668 2646 1802 2690 Hadr.
1835 2647 1995 2690 Tibure
2035 2647 2080 2688 in
2113 2659 2255 2688 amoe-

778 2707 960 2749 nissima
989 2706 1093 2748 villa
1124 2708 1335 2761 aegrotat,
1368 2706 1446 2749 sed

740 2763 839 2807 Cos.
873 2765 1067 2820 Sulpicio
1101 2764 1344 2818 Camerino,
1379 2763 1580 2816 Quinctio
1612 2764 1764 2820 Nigro,
1796 2777 1895 2806 cum
1925 2764 2067 2807 Verus
2092 2763 2253 2806 Caesar

775 2825 884 2879 ipsis
919 2823 1009 2866 Cal.
1042 2823 1132 2866 Ian.
1167 2825 1310 2867 subito
1343 2824 1624 2876 decessisset,
1664 2823 1910 2866 Hadrianus
1944 2823 1971 2868 5
2005 2822 2096 2866 Cal.
2128 2823 2252 2865 Mart.

780 2882 830 2924 Τ.
862 2881 1109 2936 Α11101111111,
1150 2883 1375 2926 consulem
1407 2897 1444 2925 a.
1482 2882 1566 2926 120
1598 2883 1697 2938 (qui
1725 2882 1841 2925 idem
1871 2883 2068 2925 Antonini
2098 2895 2254 2924 nomen

779 2942 832 2984 ab
863 2941 988 2984 Arrio
1021 2955 1101 2984 avo
1134 2945 1329 2985 materno
1362 2941 1633 2998 acceperat),
1673 2942 1864 2997 adoptat,
1895 2955 1947 2984 ea
1976 2941 2096 2997 lege,
2138 2943 2187 2983 ut
2215 2941 2254 2983 is

779 3000 931 3043 eodem
963 3001 1031 3043 die
1054 3000 1163 3042 duos
1187 3002 1272 3043 sibi
1293 3001 1533 3057 adoptaret,
1566 3001 1616 3043 L.
1641 3000 1924 3043 Commodum
1939 3000 2116 3052 Verum,
2149 2999 2255 3042 Cae-

779 3060 890 3102 saris
922 3060 1081 3102 mortui
1112 3058 1248 3102 filium
1279 3060 1562 3115 impuberem,
1594 3061 1638 3102 et
1658 3059 1713 3101 M.
1734 3058 1926 3101 Annium
1947 3059 2121 3111 Verum,
2154 3058 2254 3101 ado-

778 3119 1016 3162 lescentem
1059 3118 1110 3161 17
1155 3131 1385 3171 annorum,
1425 3119 1562 3161 nobili
1603 3130 1762 3174 genere
1802 3121 1966 3160 ortum:
2005 3120 2107 3173 post
2145 3130 2254 3172 quae

780 3190 867 3220 non
899 3178 1034 3220 multo
1065 3179 1167 3233 post
1198 3177 1224 3220 6
1248 3177 1310 3219 Id.
1345 3177 1424 3220 Iul.
1457 3177 1702 3219 Hadrianus
1736 3189 1874 3232 aquae
1906 3176 2134 3219 intercutis
2166 3188 2255 3219 mo-

776 3236 1014 3279 lestissimo
1045 3236 1194 3279 morbo
1226 3236 1346 3280 Baiis
1380 3236 1584 3288 decessit,
1617 3249 1775 3278 annum
1807 3249 1942 3291 agens
1975 3235 2046 3279 63.

740 3295 947 3338 Succedit
977 3294 1031 3339 51
1067 3308 1203 3338 annos
1236 3299 1364 3338 natus
1386 3269 1759 3338 ANTONINUS
1778 3295 1926 3337 PIUS
1956 3295 2074 3347 (sive
2109 3295 2156 3338 T.
2173 3294 2254 3336 Ae-

780 3356 859 3396 lius
889 3354 1135 3396 Hadrianus
1165 3355 1218 3397 A.
1241 3353 1335 3407 P)
1368 3355 1443 3410 qui
1472 3355 1675 3410 precibus
1709 3354 1800 3397 suis
1830 3354 1944 3410 patri
1980 3353 2149 3397 divinos
2180 3354 2254 3396 ho-

779 3425 907 3456 nores
933 3413 986 3455 ab
1017 3414 1154 3456 invito
1187 3417 1343 3457 senatu
1374 3414 1591 3469 impetrat,
1621 3414 1716 3469 ipse
1747 3413 1944 3468 placidus
1976 3425 2027 3456 ac
2049 3413 2253 3463 0101110113,

780 3471 962 3524 Numae,
992 3473 1128 3527 prisci
1158 3474 1292 3529 regis,
1324 3473 1560 3529 imaginem
1580 3472 1788 3524 referens,
1820 3472 1978 3527 quippe
2001 3471 2141 3527 quiin
2161 3470 2254 3511 nul-

779 3531 865 3574 lius
898 3543 1088 3586 unquam
1120 3532 1336 3575 senatoris
1357 3534 1539 3574 mortem
1561 3531 1846 3582 consenserit,
1880 3533 1923 3572 et
1944 3531 2106 3585 optima
2126 3540 2254 3583 quae-

780 3603 863 3647 que
894 3593 983 3633 tam
1004 3591 1277 3645 perspexerit
1298 3590 1546 3646 prudenter,
1578 3603 1706 3646 quam
1729 3589 1914 3632 voluerit
1934 3588 2142 3644 benigne:
2176 3587 2254 3630 otii
