2392 4016
597 247 648 285 ab
682 258 786 285 anno
818 258 855 284 a.
878 245 970 285 Chr.
998 247 1083 287 ³26
1114 258 1243 297 usque
1273 248 1326 287 ad
1358 260 1508 289 annum
1542 251 1643 289 ⁸10.
2033 251 2085 298 '11

157 401 188 427 a.
200 393 281 427 cur.
366 403 401 426 n.
413 401 444 425 c.

547 435 767 482 Satricum
795 437 954 495 recipit
982 440 1029 482 et
1058 440 1258 483 auctores
1289 438 1548 484 defectionis
1579 443 1716 497 punit.
1790 442 2006 488 Censores
2046 443 2087 487 h.

191 522 193 529 ι
224 517 225 521 =
546 509 586 540 a.
619 495 726 541 facti
756 496 1024 541 abdicarunt.

185 555 272 601 318
351 554 439 601 436
501 554 601 599 008.
645 555 706 599 M.
747 556 912 600 Foslius
941 557 1226 608 F'laoeinator,
1272 556 1327 599 L.
1360 557 1556 602 Plautius
1580 559 1755 612 Venno.)
1819 561 2088 607 Samnitibus

237 654 240 657 Α
547 625 636 658 non
663 624 772 672 pax,
813 615 892 660 sed
926 614 1326 660 bienniiinduciae
1357 615 1527 660 dantur·
1599 619 1731 675 Apuli
1762 620 2012 664 Teanenses
2044 624 2089 666 et

550 672 761 719 Canusini
789 674 835 718 in
866 674 1131 719 deditionem
1153 674 1348 735 veniunt,
1382 675 1557 733 Capuae
1578 689 1693 735 resp.
1727 678 1898 736 legibus
1921 693 1946 722 a
1966 693 2086 736 prae-

545 735 640 777 tore
680 733 806 777 Rom.
846 734 1024 791 scriptis
1064 733 1309 787 ordinatur,
1336 738 1393 779 ’et
1429 736 1693 790 instituitur,
1735 742 1782 781 ut
1812 752 1837 781 a
1868 738 2087 794 praefecto

546 805 690 837 annuo
720 795 941 848 regantur.
987 792 1110 836 Duae
1140 793 1281 838 tribus
1312 794 1531 840 adduntur
1554 795 1759 841 Ufentina
1789 810 1838 841 ac
1871 797 2087 842 Falerina.

547 850 663 903 (31.)
709 851 926 896 Censores
957 851 1008 896 L.
1041 851 1241 908 Papirius
1276 851 1463 899 Crassus
1496 854 1546 900 C.
1577 855 1773 901 Maenius
1807 857 1930 909 (lust.
1962 856 2053 909 25).

179 910 266 956 ³17
346 909 434 955 437
495 908 597 954 008.
629 908 701 954 *0.
722 911 868 955 Iunius
898 911 1114 955 Bubulcus
1133 910 1310 962 Brutus,
1348 913 1397 962 Q.
1420 914 1621 958 Aemilius
1639 915 1878 967 Barbula.)
1929 917 2085 974 Apulia

189 992 193 998 ·
333 970 336 973 ‘
540 969 797 1026 perdomita,
819 971 964 1014 'etiam
991 970 1038 1014 in
1071 970 1307 1015 Lucaniam
1340 973 1535 1018 Romana
1566 988 1685 1019 arma
1714 975 1923 1019 feruntur.

178 1028 264 1073 316
343 1028 432 1073 438
494 1029 595 1074 008.
628 1030 705 1086 Sp.
737 1028 922 1073 Nautius
952 1029 1144 1083 Rutilus,
1190 1031 1254 1074 M.
1295 1032 1504 1089 Popillius
1532 1034 1740 1086 Lam.)
1810 1034 1860 1079 L.
1898 1034 2084 1080 Aemilio

180 1111 196 1125 η’
542 1089 805 1134 Manercino
827 1089 1081 1134 Privernate
1103 1089 1146 1134 11
1176 1089 1389 1136 dictatore
1420 1092 1487 1144 (L.
1506 1093 1662 1138 Fulvio
1681 1092 1825 1139 Curvo
1856 1106 1978 1152 mag.
1997 1094 2083 1152 eq.)

544 1148 781 1193 Saticulam
811 1148 1058 1202 obsidente,
1089 1148 1251 1194 bellum
1282 1150 1502 1197 Samnites
1533 1153 1845 1211 redintegrant.

176 1204 267 1251 81⁵
340 1205 431 1251 439
493 1205 595 1252 008.
632 1206 682 1257 Q.
712 1207 924 1251 Publilius
952 1207 1075 1252 Philo
1104 1208 1188 1261 IV,
1211 1243 1214 1246 -
1236 1209 1291 1253 L.
1324 1211 1526 1267 Papirius
1560 1212 1710 1256 cumr
1740 1212 1851 1264 IV.)
1912 1212 2081 1257 Bellum

307 1276 311 1277 ⁷
540 1266 750 1311 adversus
772 1266 992 1311 Samnites
1014 1280 1092 1324 per
1111 1267 1368 1314 dictatorem
1389 1272 1556 1327 geritur
1574 1270 1624 1325 Q.
1643 1271 1825 1316 Fabium
1848 1272 2081 1317 Maximum

541 1325 792 1371 Rullianum
811 1325 888 1379 (Q.
909 1325 1066 1371 Aulius
1088 1324 1365 1382 Cerretanus,
1395 1342 1535 1387 eoque
1555 1331 1703 1375 occiso
1726 1330 1774 1375 C.
1802 1331 1959 1375 Fabius
1982 1332 2079 1375 Am·

442 1403 447 1406 ·
541 1385 698 1430 bustus
729 1398 842 1443 mag.
869 1385 977 1441 .eq.).
1017 1384 1214 1431 Saticula
1243 1401 1269 1430 a
1300 1388 1522 1442 Romanis,
1555 1389 1710 1434 Plistia
1740 1403 1766 1433 a
1798 1390 1980 1434 Samnit.
2013 1403 2081 1434 ca·

538 1445 668 1501 pitur.
721 1443 811 1489 Sed
832 1444 946 1489 Sora
963 1443 1206 1491 interfectis
1228 1447 1396 1492 colonis
1426 1447 1482 1492 ad
1504 1449 1724 1494 Samnites
1755 1449 1901 1494 deficit
1931 1450 2081 1493 iidem·

171 1559 258 1606 314
339 1561 430 1606 440
490 1503 1136 1615 Cgetlebgrols’geetzelissdlgaefffl
1122 1517 1189 1608 ὃς
1198 1509 1430 1630 &zat-1³31-
1441 1567 1614 1623 Louqus
1642 1566 1759 1618 III.)
1811 1566 1965 1611 Omnia
1995 1567 2079 1612 Ro-

539 1622 680 1666 manis
712 1621 866 1666 infida:
909 1621 990 1666 sed
1018 1621 1129 1667 Sora
1169 1624 1414 1680 proditione
1445 1626 1674 1683 recipitur,
1714 1626 1937 1670 Ausonum
1971 1640 2079 1683 gens

481 1707 483 1710 <
542 1680 831 1726 defectionem
863 1681 1047 1726 moliens
1080 1686 1319 1740 occupatur
1348 1697 1399 1729 ac
1431 1698 1570 1742 paene
1586 1685 1784 1738 deletur,
1816 1685 1911 1729 Liv.
1935 1686 1976 1739 9,
2006 1685 2076 1731 25.

539 1740 739 1795 macria,
768 1740 941 1798 prodito
972 1742 1205 1797 praesidio,
1237 1757 1263 1786 a
1293 1744 1563 1788 Samnitibus
1594 1757 1647 1788 ca
1677 1745 1777 1796 itur,
1810 1758 1835 1787 a
1859 1745 1981 1788 Rom.
2014 1758 2078 1789 re-

540 1800 701 1857 cipitur
730 1803 777 1845 et
805 1800 953 1844 missis
984 1799 1103 1845 2500
1134 1802 1301 1847 colonis
1332 1803 1490 1848 Latina
1521 1803 1603 1848 col.
1667 1806 1698 1847 t.
1762 1803 2079 1861 Campanorum

539 1859 682 1903 animi*
713 1859 768 1903 ad
807 1858 1094 1904 defectionem
1127 1861 1360 1916 inclinant,
1402 1863 1479 1907 sed
1511 1876 1537 1906 a
1568 1862 1616 1907 C.
1649 1863 1819 1907 Maenio
1859 1863 1963 1908 dict.
1993 1862 2010 1914 (
2019 1864 2076 1908 1.

537 1918 688 1963 Foslio
721 1918 1024 1963 Flaccinatore
1055 1932 1168 1976 mag.
1202 1921 1295 1977 eq.)
1336 1925 1607 1967 coercentur.
1659 1921 1760 1967 Cos.
1791 1923 1949 1967 acriter
1978 1935 2076 1966 cum

537 1977 807 2023 Samnitibus
837 1978 884 2021 in
915 1976 1065 2035 Camp.
1096 1979 1317 2025 dimicant.

169 2033 257 2079 313
338 2034 421 2080 441
489 2035 590 2081 008.
622 2037 678 2080 L.
709 2038 911 2092 Papirius
953 2037 1104 2081 Cursor
1128 2039 1177 2092 V,
1230 2040 1275 2083 C.
1308 2041 1453 2084 Iunius
1483 2041 1699 2085 Bubulcus
1735 2041 1826 2092 ΙΙ.)
1880 2041 1992 2085 Dict.
2026 2040 2075 2084 0.

187 2119 195 2125 -
533 2095 756 2141 Poetelius
787 2096 896 2141 Libo
916 2095 1108 2150 Visolus,
1140 2099 1195 2143 M.
1216 2099 1438 2144 Poetelius
1460 2100 1570 2144 Libo
1600 2114 1713 2156 mag.
1746 2113 1813 2157 eq.
1856 2100 2075 2145 Samnites

533 2155 680 2200 arcem
700 2155 1003 2211 Fregellanam
1034 2158 1225 2213 capiunt,
1258 2171 1359 2203 mox
1390 2159 1607 2203 amittunt.
1657 2158 1775 2203 Nola
1799 2174 1825 2203 a
1845 2159 1969 2203 Rom.
2002 2172 2075 2204 ex·

532 2217 751 2272 pugnatur
803 2216 850 2259 et
896 2215 1094 2260 coloniae
1133 2216 1317 2262 Latinae
1357 2218 1569 2271 Suessae,
1618 2218 1808 2271 Pontiis,
1855 2218 2075 2263 Saticulae

288 2306 292 2314 ,
532 2273 816 2320 collocantur.
1217 2300 1224 2305 ·

170 2328 257 2374 312
337 2330 424 2375 442
487 2331 588 2377 008.
619 2334 683 2376 M.
712 2333 902 2376 Valerius
933 2334 1163 2388 Maximus,
1215 2334 1289 2379 *Ρ.
1320 2337 1478 2380 Decius
1505 2335 1646 2387 Mus.)
1708 2336 1886 2380 Praeter
1915 2336 2074 2380 bellum

148 2415 152 2424 ι
192 2408 209 2426 ·=
258 2412 262 2421 ,
507 2405 634 2438 cum
666 2392 938 2438 Samnitibus
968 2396 1064 2439 novi
1094 2395 1192 2438 belli
1210 2395 1383 2439 Etrusci
1412 2395 1527 2439 fama
1556 2396 1733 2452 ingruit.
1783 2395 1897 2440 Dict.
1930 2395 2074 2441 dictus

536 2449 597 2497 0..
625 2451 848 2509 Sulpicius
887 2451 1066 2508 Longus
1105 2452 1182 2506 (C.
1223 2453 1350 2499 Iunio
1388 2453 1587 2499 Bubulco
1626 2467 1738 2509 mag.
1780 2454 1872 2511 eq.)
1913 2454 2072 2498 bellum

477 2531 481 2535 ·
535 2513 781 2568 praeparat.
841 2510 1012 2568 Appius
1044 2510 1253 2557 Claudius
1287 2511 1455 2558 Caecus
1487 2525 1644 2558 censor
1671 2512 1813 2565 (lustr.
1846 2512 1922 2564 26)
1953 2513 2072 2565 (cum

537 2569 586 2613 C.
610 2567 801 2622 Plautio)
831 2570 946 2628 viam
977 2569 1016 2613 A
1077 2571 1161 2613 iam
1195 2572 1346 2623 munit,
1365 2574 1422 2631 et
1510 2571 1816 2630 uaquppiam
1847 2573 1891 2615 in
1923 2572 2071 2627 urbem
2103 2559 2112 2620 l

535 2628 678 2688 duosjt,
719 2628 835 2674 idem
866 2624 946 2685 g'ra
982 2640 1032 2672 ae
1072 2584 1783 2676 urbanae'stiidiffiffibertinos
1813 2643 1891 2687 per
1922 2643 2071 2676 omnes
2110 2626 2116 2674 1

535 2681 676 2733 fribus
705 2687 876 2740 dividit,
912 2700 1147 2744 eorumque
1178 2687 1293 2733 filios
1325 2690 1370 2732 in
1401 2692 1600 2735 “natum
1630 2688 1750 2746 legit.
1813 2688 2003 2741 (Censor
2032 2690 2071 2733 is

533 2745 618 2791 tuit
645 2748 877 2803 antequam
905 2745 1015 2798 cos.)
1047 2746 1231 2792 Colonia
1259 2746 1354 2792 Lat.
1386 2747 1645 2801 Interamna,
1676 2749 1834 2792 civium
1865 2748 2070 2793 Casinum

164 2824 242 2851 „s
268 2831 291 2853 =.·
533 2805 776 2849 deducitur.

171 2851 254 2907 :st-1
338 2863 425 2907 443
488 2863 591 2909 ooo.
627 2863 673 2907 σ.
705 2863 850 2908 runem
888 2864 1102 2907 Bubulcus
1132 2865 1259 2910 Bm.
1292 2865 1390 2919 111,
1441 2866 1492 2916 Q.
1523 2867 1725 2911 aarum
1755 2867 1948 2909 Borma
1981 2867 2070 2918 11.)

535 2923 780 2980 Rogatione
811 2922 1045 2967 tribunicia
1073 2924 1209 2969 Atilia
1227 2924 1390 2970 Marcia
1423 2924 1476 2969 16
1505 2926 1604 2970 trib.
1636 2925 1845 2969 militares
1877 2926 1920 2969 in
1951 2926 1979 2968 4
2012 2925 2070 2968 le-

568 2982 689 3027 ‘ones
718 2980 868 3039 populi
897 2981 1118 3038 suffragiis
1148 2988 1363 3036 creantur,
1406 2984 1543 3028 altera
1572 2984 1707 3029 Decia
1737 2985 1863 3028 Xviri
1895 2984 2070 3027 navales

535 2994 657 3086 fiunt.
727 3039 889 3085 Omnes
920 3040 1117 3086 Etruriae
1147 3042 1298 3100 populi
1327 3041 1474 3095 (ct-a.
1505 3042 1610 3094 351)
1642 3047 1814 3099 praeter
1845 3044 2068 3086 Arretinos

534 3099 695 3145 bellum
725 3103 901 3144 movent
930 3103 976 3145 et
996 3100 1188 3146 Sutrium
1220 3104 1487 3158 oppugnant,
1518 3101 1597 3145 sed
1626 3101 1682 3145 ad
1710 3101 1890 3144 eandem
1919 3102 2068 3145 urbem

533 3171 560 3202 a
590 3157 640 3211 Q.
670 3157 858 3204 Aemillo
896 3159 1143 3204 vincuntur.
1204 3160 1354 3204 lunius
1397 3171 1488 3204 cos.
1528 3159 1625 3204 adv.
1657 3160 1875 3204 Samnites
1908 3160 2067 3204 bellum

533 3217 648 3273 gerit
676 3219 723 3263 d
750 3216 990 3263 Bovianum
1024 3230 1080 3263 ex
1112 3218 1283 3263 Pentris
1314 3218 1444 3275 capit.

170 3275 260 3320 310
339 3275 428 3319 444
490 3275 591 3320 008.
629 3275 679 3325 Q.
710 3275 868 3320 Fae-'u
899 3276 1121 3321 Rullianus
1153 3278 1215 3330 11,
1246 3275 1318 3320 ’0.
1340 3277 1531 3321 Marcius
1550 3277 1759 3328 Rutilus.)
1809 3277 1919 3379 App.
1941 3277 2069 3322 Clau·

534 3334 633 3379 dius
664 3345 893 3380 censuram
932 3335 1052 3379 solus
1084 3338 1129 3379 et
1159 3335 1273 3380 ultra
1301 3337 1587 3381 constitutum
1619 3337 1715 3392 lege
1748 3336 1871 3380 Aemi
1891 3337 1932 3380 is
1962 3341 2067 3380 tem·

535 3404 632 3449 pus,
669 3391 724 3437 18
754 3392 981 3445 mensium,
1044 3394 1139 3438 erit.
1202 3394 1251 3438 ln
1283 3393 1462 3440 Samnio
1493 3396 1673 3454 ancipiti
1703 3401 1860 3439 eventu
1892 3408 1962 3438 res
1994 3408 2067 3453 ge-
2107 3404 2111 3410 ·

534 3451 657 3496 ritur.
726 3450 777 3495 In
809 3449 983 3497 Etru‘ria
1050 3452 1176 3496 abius
1207 3465 1300 3498 cos.
1328 3453 1529 3499 hostibus
1561 3455 1689 3499 victis
1730 3466 1806 3511 per
1837 3453 2066 3499 Ciminiam

535 3510 690 3555 silvam
729 3509 950 3567 prot-etus
994 3510 1200 3555 ulteriora
1237 3512 1324 3557 late
1355 3517 1522 3566 vastat,
1562 3519 1606 3558 et
1642 3514 1791 3558 salvus
1823 3515 2064 3559 revertitur.

535 3569 707 3614 Interea
738 3568 894 3613 classis
933 3572 1023 3614 tum
1056 3570 1240 3627 primum
1270 3577 1521 3631 comparata
1549 3576 1595 3618 et
1623 3573 1855 3631 Pompeios
1884 3574 2066 3631 appulsa
