2392 4016
899 229 1170 270 Romanonun
1226 242 1352 282 regns.

2043 232 2102 279 55

1786 386 1818 410 a,
1844 377 1930 411 Obr.
1982 388 2017 412 ι.
2043 389 2077 412 c.

154 416 369 470 Romulus,
399 418 661 475 interempto
694 417 827 464 fratre
858 419 978 463 solus
1009 433 1102 473 rex,
1131 432 1246 466 novo
1274 420 1435 478 populo
1460 422 1556 466 iura
1574 422 1662 476 dat,
1698 436 1767 468 se·

216 479 362 520 natum
395 482 569 521 centum
597 476 787 521 virorum
822 477 1027 523 instituit.

158 536 311 592 Raptis
353 535 510 592 puellis
550 534 665 579 bella
705 541 862 579 contra
900 537 1119 582 Romanos
1167 551 1193 580 a
1223 538 1388 582 vicinis
1427 539 1632 596 gentibus
1669 553 1758 585 mo-

214 598 381 647 ventur,
418 594 497 639 sed
513 592 878 648 Caeninensibus,
916 595 1222 649 Crustuminis,
1257 597 1592 643 Antemnatibus
1614 599 1756 652 victis,

214 653 366 696 Sabini
394 666 471 710 per
500 654 720 699 matronas
753 666 853 698 cum
886 654 1091 699 Romanis
1123 655 1474 701 reconciliantur.

156 712 261 756 Eius
295 712 438 767 gentis
470 724 571 768 pars
605 724 704 756 cum
735 725 842 770 rege
874 713 1002 758 Tatio
1024 713 1207 759 Romam
1236 715 1506 772 commigrat,
1541 716 1755 774 sedesque

213 772 258 815 in
293 771 524 826 Capitolino
564 772 610 814 et
645 771 859 821 Quirinali
895 772 1117 818 montibus
1155 773 1301 830 ponit:
1343 777 1591 819 senatorum
1627 776 1756 833 (gen-

214 830 405 886 tiumque
436 829 743 885 patriciarum)
775 844 980 876 numerus
1012 831 1148 876 altero
1181 835 1302 877 tanto
1334 837 1534 890 augetur.

156 888 282 931 Tatio
314 902 339 931 a
369 887 658 935 Laurentibus
694 889 844 933 occiso
876 889 1111 943 Romulus,
1150 891 1308 935 iterum
1348 893 1468 937 solus
1501 906 1601 946 rex,
1640 892 1757 936 bella

214 947 325 1003 gerit
355 959 453 990 cum
484 947 771 993 Fidenatibus
802 951 847 993 et
870 948 1144 1003 Veientibus,
1175 950 1376 996 Etruscis
1408 952 1598 1009 populis.

156 1006 264 1049 Tres
303 1006 453 1062 populi
491 1006 654 1061 tribus,
703 1010 793 1051 tres
834 1009 1028 1064 equitum
1069 1010 1289 1054 centurias
1329 1008 1546 1063 (Ramnes
1596 1023 1633 1055 s.
1675 1010 1761 1054 Ra-

212 1076 436 1118 mnenses,
475 1065 614 1111 Tities
647 1078 684 1111 s.
720 1065 958 1121 Titienses,
1000 1067 1191 1113 Luceres
1224 1081 1260 1113 s.
1290 1068 1591 1122 Lucerenses)
1634 1070 1758 1114 insti·

212 1124 310 1176 tuit,
340 1123 520 1180 triginta
549 1125 706 1169 curias.
1212 1156 1213 1159 η
1518 1128 1520 1132 ’

156 1182 338 1226 Romulo
375 1185 565 1237 mortuo,
604 1196 703 1228 cum
735 1183 985 1241 interregno
1026 1198 1171 1230 annuo
1209 1185 1396 1243 populus
1436 1186 1580 1231 fessus
1623 1190 1759 1245 esset,

213 1241 351 1285 Numa
384 1241 622 1298 Pompilius,
655 1241 844 1287 Curibus
877 1242 1054 1289 Sabinis
1087 1244 1270 1298 accitus,
1301 1258 1379 1289 rex
1410 1249 1582 1290 creatur
1823 1244 1910 1291 '115

155 1301 200 1345 Is
230 1301 451 1344 civitatem
481 1301 659 1345 deorum
689 1301 977 1357 religionibus
1009 1303 1270 1360 legibusque
1290 1304 1573 1349 instituendis
1596 1305 1754 1349 iterum

215 1359 340 1416 quasi
370 1359 626 1460 ¹condidisse
665 1359 824 1414 fertur,
865 1373 965 1405 cum
1003 1375 1083 1419 per
1121 1362 1180 1407 43
1219 1375 1357 1407 annos
1397 1363 1564 1408 nullum
1583 1363 1756 1408 bellum
1817 1420 1904 1464 673

216 1430 367 1475 gerere

162 1478 306 1520 Tullus
335 1477 564 1528 Hostilius,
595 1476 783 1520 Romulo
816 1477 1000 1520 similior
1031 1491 1161 1534 quam
1190 1478 1372 1533 Numae,
1413 1478 1609 1533 Albanos
1642 1480 1760 1532 (cer-

213 1536 374 1579 tamine
404 1535 683 1579 Horatiorum
712 1538 758 1579 et
781 1534 1089 1589 Curiatiorum)
1121 1538 1313 1591 subiicit,
1342 1537 1459 1582 haud
1489 1539 1626 1583 multo
1657 1541 1760 1596 post

213 1594 368 1638 Albam
400 1594 574 1651 longam
605 1594 723 1651 capit
756 1606 807 1639 ac
839 1593 986 1648 diruit,
1018 1595 1138 1640 cives
1170 1596 1354 1640 Romam
1384 1597 1632 1642 transducit
1827 1595 1912 1640 667

157 1653 365 1698 Senatum
395 1655 528 1709 auget
567 1652 734 1710 aliquot
772 1653 978 1710 gentibus
1010 1654 1192 1699 Albanis
1231 1657 1345 1700 inter
1375 1658 1523 1714 patres
1553 1657 1759 1714 receptis,

218 1713 456 1768 equitatum
489 1710 694 1768 duplicat.

2010 1246 2069 1291 39

2006 1421 2058 1466 81

2015 1597 2071 1642 87

157 1771 357 1815 Fulmine
387 1771 503 1814 ictus
534 1771 649 1828 perit
678 1774 783 1827 post
811 1783 995 1828 regnum
1024 1770 1097 1816 32-
1115 1785 1326 1817 annorum
1821 1770 1903 1816 641
1987 1773 2072 1819 113

158 1830 296 1873 Ancus
326 1830 529 1883 Marcius,
563 1842 698 1886 nepos
730 1828 900 1873 Numae
932 1842 988 1874 ex
1018 1830 1121 1884 filia,
1153 1843 1292 1888 aeque
1322 1831 1427 1876 belli
1457 1845 1509 1875 ac
1539 1832 1663 1888 pacis
1694 1846 1760 1877 ar-

210 1889 347 1947 tibus·
366 1889 530 1942 clarus,
569 1887 751 1933 Latinos
792 1887 1005 1943 devincit,
1044 1890 1185 1935 victos
1216 1889 1401 1934 Romam
1439 1891 1486 1934 in
1516 1892 1759 1935 Aventinum·

216 1950 406 1991 montem
437 1947 679 2004 demigrare
711 1947 845 2003 cogit.
1063 1975 1068 1978 -

159 2006 340 2060 Ostiam,
372 2006 616 2062 ademptam
631 2005 906 2059 Veientibus,
940 2005 1120 2051 colonos
1142 2005 1362 2052 Romanos
1384 2005 1576 2061 deducit,
1608 2008 1759 2054 urbem

220 2065 403 2110 Romam
435 2064 630 2108 Ianiculo
661 2065 829 2108 munito
862 2064 1071 2110 adversus
1102 2059 1314 2111 Etruscos
1350 2064 1508 2110 firmat.

159 2125 265 2168 Post
284 2124 396 2167 Anci
427 2126 610 2167 mortem
640 2121 725 2175 (24
747 2135 884 2167 annos
906 2123 1187 2179 regnaverat)
1220 2125 1273 2168 L.
1302 2124 1554 2180 Tarquinius
1577 2126 1759 2179 Priscus,

218 2182 438 2227 Demarati
479 2181 694 2226 Corinthii
732 2181 871 2235 iilius,
911 2183 986 2238 qui
1029 2183 1302 2239 Tarquiniis,
1344 2184 1544 2228 Etruriae
1584 2185 1759 2242 oppido,

217 2242 399 2285 Romam
430 2241 704 2297 migraverat,
735 2253 813 2283 rex
845 2244 1017 2284 creatur
1824 2241 1910 2285 616
1986 2242 2070 2287 138

161 2300 316 2344 Caeles
339 2299 540 2344 Vibenna
576 2298 794 2343 coloniam
823 2298 1108 2343 Etruscorum
1139 2300 1323 2344 Romam
1362 2301 1484 2345 ducit
1511 2302 1760 2359 insidetque

216 2361 407 2403 montem
443 2359 626 2402 Caelium
657 2357 710 2402 ab
742 2371 796 2401 ea
823 2371 871 2402 re
903 2359 1186 2403 nominatum.
1249 2360 1355 2404 Tac.
1387 2359 1503 2404 Ann.
1535 2361 1579 2414 4,
1611 2361 1682 2406 65.

160 2418 366 2475 Tarquin.
400 2421 624 2462 senatores
656 2416 778 2460 addit
807 2422 995 2471 centum,
1033 2418 1108 2473 qui
1138 2418 1353 2463 minorum
1384 2420 1580 2475 gentium
1612 2420 1758 2477 appel-

157 2501 164 2508 ·
217 2477 375 2530 lentur,
404 2479 455 2520 nt
481 2475 572 2520 300
602 2479 827 2520 senatores
859 2475 965 2520 facti
995 2476 1098 2521 sint.

158 2535 279 2581 Idem
309 2548 408 2580 cum
438 2547 574 2580 novas
605 2536 696 2581 tres
718 2534 912 2592 equitum
933 2536 1169 2589 centurias,
1200 2535 1384 2591 augurio
1405 2536 1582 2589 vetitus,
1613 2535 1756 2580 facere

217 2607 318 2698 mut
334 2595 508 2698 ιίοἳεὸὃι,
547 2594 688 2639 tribus
718 2594 939 2639 veteribus
977 2594 1159 2639 alterum
1191 2596 1360 2638 tantum
1390 2594 1572 2648 adiecit,
1610 2598 1660 2639 ut
1689 2608 1756 2639 es-

267 2667 297 2698 n
470 2685 481 2696 .

158 2666 308 2759 viggst
339 2712 527 2758 Sabinos
559 2712 605 2756 et
633 2709 815 2756 Latinos
848 2711 1156 2768 civitatemque
1187 2713 1333 2767 auget.

161 2771 390 2830 Templum
421 2770 538 2815 Iovis
572 2769 809 2827 Capitolini
837 2768 1067 2814 aedificare
1097 2769 1357 2828 cloacasque
1388 2771 1556 2815 struere
1588 2770 1756 2828 incipit,

219 2830 345 2877 ludos
379 2830 601 2874 Romanos
634 2840 670 2872 s.
702 2840 884 2885 magnos
915 2828 1121 2874 instituit.

157 2950 319 2998 recepta
349 2950 422 2985 est.
485 2945 688 2987 Dissentit
715 2948 853 2986 antem
882 2945 934 2985 ab
966 2947 1123 2986 ratione
1142 2945 1336 2987 Varronis
1366 2947 1491 2987 etiam
1523 2945 1760 2997 Capitolina,
1794 2959 1899 2997 qnae
1932 2950 2093 2998 dicitur,

157 3017 238 3046 nno
269 3016 376 3045 anno
406 3005 562 3054 minor,
602 3008 652 3045 ιιι
677 3003 832 3046 Romae
862 3005 1077 3045 exordium
1107 3006 1150 3045 in
1181 3004 1247 3047 01.
1282 3007 1331 3055 6,
1373 3006 1400 3045 4
1442 3006 1621 3057 positum
1652 3018 1739 3046 esse
1770 3007 1970 3047 videatur.
2033 3009 2097 3048 Ea

158 3064 295 3104 floruit
323 3064 614 3114 imperatorum
642 3066 792 3114 aetate,
825 3063 1023 3115 imprimis
1054 3065 1097 3105 in
1125 3066 1243 3106 fastis
1273 3064 1544 3112 numerandis,
1578 3064 1651 3105 sed
1678 3070 1772 3115 post
1793 3066 1892 3115 imp.
1914 3066 2093 3117 Philippi

158 3122 278 3164 ludos
307 3123 533 3163 saeculares
563 3121 723 3164 nanum
753 3123 841 3164 eius
869 3125 1086 3176 vestigium
1116 3124 1280 3165 videtur
1309 3124 1490 3175 reperiri.
1540 3121 1694 3170 Quodsi
1725 3129 1907 3164 veterum
1940 3131 2094 3175 tempo·

158 3192 249 3223 rum
281 3182 467 3222 doctrina
495 3182 555 3220 ita
585 3181 639 3221 ad
665 3179 867 3232 liquidnm
897 3183 1063 3233 perduci
1093 3188 1241 3234 posset,
1282 3186 1330 3222 ut
1357 3194 1441 3222 non
1471 3182 1591 3234 plura
1620 3187 1887 3232 superessent,
1922 3184 1973 3222 de
2004 3186 2094 3233 qui·

159 3241 236 3281 bus
266 3241 486 3288 dubitares,
519 3251 642 3290 quam
671 3250 777 3291 qnae
807 3245 918 3280 certa
948 3246 989 3282 et
1019 3241 1234 3294 explorata
1263 3242 1448 3290 haberes,
1485 3253 1562 3282 nae
1594 3253 1668 3293 ego
1699 3242 1805 3280 hanc
1836 3242 2022 3281 timidam
2053 3252 2095 3284 et

158 3298 371 3340 mo1estam
401 3310 538 3339 curam
570 3297 712 3350 procul
741 3298 973 3349 abiicmm,
1005 3306 1047 3341 et
1074 3301 1251 3342 libenter
1280 3301 1556 3352 amplecterer,
1590 3300 1789 3350 quidquid
1821 3301 1966 3341 melius
1987 3308 2094 3341 esset

159 3357 376 3408 prolatum.
436 3357 554 3398 Nunc
583 3369 680 3397 vero
712 3368 793 3408 quo
823 3358 867 3399 in
894 3358 987 3399 loco
1017 3371 1081 3400 res
1110 3361 1177 3410 sit,
1209 3360 1329 3401 facile
1360 3361 1571 3411 quaerenti
1602 3364 1784 3410 apparet.
1836 3358 2095 3412 Quapropter

159 3428 402 3468 magnopere
433 3420 575 3456 auctor
604 3428 693 3457 sum
723 3416 920 3468 impunis
950 3418 1014 3468 iis,
1053 3419 1204 3470 quibus
1233 3419 1480 3461 scholastica
1509 3419 1711 3459 institutio
1743 3418 1985 3459 demandata
2017 3428 2090 3464 est.

160 3480 208 3516 ut
237 3478 351 3516 camis
383 3481 476 3515 ante
507 3474 704 3515 Christum
731 3479 870 3516 nau·
897 3477 1022 3530 vulgo
1054 3482 1233 3528 utantur,
1265 3479 1416 3535 quippe
1447 3490 1617 3529 quorum
1649 3482 1690 3518 et
1721 3477 1879 3517 initium
1912 3490 1964 3518 ex
1996 3490 2090 3518 con-

160 3535 285 3577 stanti
314 3535 504 3585 opinione
535 3538 688 3575 certum
720 3534 786 3585 sit,
818 3540 863 3576 st
890 3537 1141 3588 computatio
1171 3548 1301 3588 nsque
1330 3538 1382 3578 ad
1413 3549 1563 3578 annum
1597 3538 1680 3579 800
1712 3542 1926 3577 retrorsum
1956 3537 2089 3584 heile,

162 3598 204 3634 et
231 3594 372 3635 eadem
404 3594 513 3647 apud
544 3605 694 3644 omnes,
726 3594 933 3646 procedat.
