2392 4016
3 2950 6 2958 Ι
28 2773 46 3049 ἐς

30 3045 43 3083 ι

0 2956 46 3272 ξ

10 3275 39 3342 ξ

7 3445 38 3511 ἲ,

147 1499 204 1546 86

586 183 639 222 ab
671 194 778 222 anno
809 194 850 233 p.
872 180 968 223 ohr.
1001 182 1056 222 78
1086 193 1216 233 usqne
1244 182 1298 222 ad
1329 193 1479 222 annum
1512 182 1582 221 92.
1970 179 2055 225 155

269 340 291 363 u
315 339 345 363 e.
395 330 482 372 imp·

265 375 353 422 836
429 374 457 419 2
532 372 638 418 Cos.
668 372 778 431 Imp.
817 374 978 418 Domit.
1017 373 1107 428 IX,
1152 372 1329 418 Petillio
1359 373 1473 417 Rufo
1505 373 1547 418 11
1586 372 1710 425 (suff.
1749 372 1893 418 Annio
1923 372 2054 426 Vero,

573 432 624 477 L.
664 431 845 477 Neratio
883 433 1058 487 Prisco,
1096 436 1190 477 tum
1219 431 1273 476 Τ.
1306 431 1512 477 Tettieno
1550 432 1736 485 Serene,
1785 432 1834 476 C.
1866 432 2055 477 Scoedio

569 490 705 537 Natta
733 492 993 545 Pinariano)
1028 493 1075 537 ιιι
1106 492 1333 537 Britannia
1362 491 1571 550 Agricola
1600 492 1786 548 populos
1818 496 1939 536 trans
1971 492 2055 537 Bo·

574 550 759 595 dotriam
790 553 900 597 sitos
931 553 1063 596 armis
1092 551 1305 609 explorat.

266 611 353 656 837
430 611 458 656 3
535 611 810 656 Domitianus
841 611 949 664 (cos.
980 611 1026 655 X
1058 624 1157 655 cum
1188 609 1239 655 Ο.
1268 611 1409 668 Oppio
1431 609 1627 662 Sabino),
1660 609 1824 666 gloriae
1856 610 2055 654 militaris

556 669 775 727 cupidus,
813 670 1013 740 inutilem
1045 670 1255 739 adversus
1273 669 1441 740 'Cattos
1471 668 1684 722 (fortasse
1715 669 1800 738 iam
1832 670 2055 726 superiore

570 728 1733 845 3¹1².ssss³hssff‘ssssssmssossffiffiumsshffffi‘ssdff
1730 741 2055 831 ⁰¹3{.¹¹t¹1¹.¹..⁸{{3,

605 848 680 892 oni
717 850 763 892 et
798 849 963 906 patitur
1001 850 1046 891 et
1083 847 1226 891 iubet.
1269 860 1427 892 nomen
1464 847 1699 891 Germanica·
1736 847 1821 891 sibi
1859 848 2055 903 imponit.

418 911 469 947 tr.
569 861 622 951 fn
623 909 743 951 terea
771 920 920 951 veram
951 907 1178 952 victoriam
1210 906 1264 951 de
1297 906 1563 960 Caledoniis,
1609 907 1799 963 Galqaco
1830 906 1940 950 duce
1973 906 2055 950 for-

398 971 487 1017 pot.
572 966 745 1011 tissime
782 967 1101 1025 pugnantibus,
1141 967 1347 1023 Ayricola
1385 965 1441 1010 ad
1478 969 1668 1011 montem
1701 965 1955 1023 Grampium
1991 980 2056 1010 re·

430 1027 458 1066 4
574 1027 733 1130 ριίὶιιιιι.
809 1026 1062 1071 Britanniae
1110 1027 1263 1083 ignota
1312 1029 1442 1071 antea
1480 1026 1608 1070 litora
1646 1026 1790 1070 classe
1840 1026 2056 1083 explorari

572 1085 618 1129 iu
650 1088 705 1132 et.

265 1143 353 1189 838
428 1144 458 1187 4
535 1145 623 1190 Sed
655 1157 756 1190 cum
794 1145 842 1189 in
873 1157 925 1189 eo
957 1147 1099 1199 esset,
1138 1147 1188 1188 ut
1216 1147 1354 1188 totam
1383 1144 1572 1188 insulam
1611 1147 1656 1188 et
1686 1143 1938 1188 Hiberniam
1971 1144 2056 1189 Ro-

578 1217 707 1248 mano
727 1205 911 1262 imperio
933 1204 1204 1261 adiungeret,
1233 1206 1477 1257 revocatur,
1510 1204 1669 1248 Domit.
1693 1204 1773 1256 XI,
1806 1204 1856 1247 Τ.
1880 1204 2056 1247 Aurelio

571 1264 712 1308 Fulvo
745 1277 835 1308 cos.
867 1263 983 1317 (suff.
1017 1264 1068 1308 D.
1099 1264 1292 1308 Aburius
1323 1264 1505 1315 Bassus,
1539 1263 1752 1317 Q.1u1ius
1784 1263 1981 1316 Balbus),
2014 1268 2059 1306 et

574 1336 745 1367 summa
782 1324 898 1368 vitae
949 1323 1164 1368 modestia
1203 1336 1333 1381 aegre
1375 1323 1603 1367 saevitiam
1641 1323 1852 1380 principis
1891 1322 2056 1379 effugit.

572 1381 805 1436 (Decessit
842 1382 914 1427 23.
934 1382 1048 1442 Aug.
1092 1397 1131 1426 3.
1165 1381 1262 1434 93.)
1331 1382 1382 1426 In
1420 1382 1689 1426 Britanniam
1729 1381 1927 1425 succedit
1963 1381 2057 1426 Sal·

574 1442 734 1487 Iustius
765 1442 991 1486 Lucullus.
1053 1442 1178 1486 Dom.
1211 1454 1368 1485 nomen
1400 1443 1578 1484 censoris
1606 1441 1807 1498 perpetui
1838 1442 1984 1484 sumit.

265 1499 355 1545 839
433 1499 461 1544 5
535 1499 637 1545 Cos.
669 1501 733 1545 Im
811 1501 1088 1545 Domitianus
1118 1500 1232 1554 XII,
1281 1500 1375 1544 Ser.
1418 1500 1647 1545 Cornelius
1682 1500 1908 1544 Dolabella
1936 1500 2059 1544 Meti-

572 1560 716 1604 lianus
734 1515 980 1618 1I‘ompeius
1000 1560 1253 1612 Marcellus,
1286 1559 1384 1603 suff.
1408 1560 1656 1604 Domitiano
1680 1559 1729 1603 G.
1751 1559 1910 1603 Socius
1934 1559 2060 1603 Cam-

571 1632 726 1675 panus,
756 1622 850 1664 tum
881 1619 984 1664 Sex.
1018 1619 1226 1664 Octavius
1259 1619 1522 1674 Fronto,'T.
1555 1619 1693 1663 Iulius
1726 1618 1948 1662 Candidus
1971 1619 2058 1662 Ma·

573 1679 666 1723 rius
700 1678 894 1732 Celsus.)
941 1679 1076 1733 Daci,
1108 1679 1390 1724 barbarorum
1421 1680 1614 1723 omnium
1644 1679 1916 1731 validissimi,
1948 1678 2059 1722 duce

420 1742 470 1776 tr.
570 1739 802 1793 Decebalo,
842 1739 1090 1782 Danubium
1131 1741 1360 1782 transeunt
1399 1742 1444 1782 et
1479 1739 1562 1796 Ap.
1597 1738 1828 1791 Sabinum,
1869 1739 2059 1781 Moesiae

401 1801 489 1848 pot.
579 1797 786 1855 legatum,
826 1797 1074 1855 profligant.
1136 1797 1360 1841 Adversus
1392 1810 1468 1841 eos
1498 1798 1566 1842 bis
1599 1797 1819 1854 profectus
1851 1797 2060 1841 Domitia·

434 1859 458 1896 6
578 1869 661 1901 nus
693 1857 858 1901 bellum
889 1859 1035 1901 tamen
1066 1857 1224 1915 legatis
1255 1857 1489 1914 permittit3
1521 1858 1615 1914 ipse
1639 1858 1684 1900 in
1706 1857 1849 1901 vicino
1870 1857 2060 1900 Moesiae

573 1916 737 2033 ῗὲἔέῗιὲ
766 1916 1569 2034 safflsssffsspffisffzffissi
1584 1916 2059 2032 gssiilffii‘ioessssff‘ssssf

575 2035 665 2079 lum
695 2035 817 2079 varia
845 2048 897 2080 ac
929 2009 1105 2092 saepius
1137 2035 1321 2080 adversa
1351 2035 1526 2080 fortuna
1554 2009 1752 2092 geritur.’

635 2094 843 2198 Nasgiltur
885 2095 953 2139 19.
985 2095 1108 2152 Sept.
1143 2094 1194 2140 T.
1222 2094 1428 2141 Aurelius
1459 2095 1646 2148 Fulvus,
1687 2095 1762 2151 qui
1793 2098 1894 2151 post
1923 2095 2058 2152 impe-

576 2157 696 2198 rator
763 2154 844 2199 'us.

434 2211 460 2255 6
539 2211 641 2257 Cos.
672 2212 782 2271 Imp.
814 2213 1048 2257 Domitian.
1080 2212 1208 2266 XIII,
1239 2212 1291 2256 A.
1314 2212 1524 2257 Volusius
1557 2214 1833 2258 Saturninus.

431 2271 457 2315 7
536 2270 638 2316 Cos.
670 2272 780 2330 Imp.
814 2272 976 2316 Domit.
1007 2269 1140 2327 XIV,
1182 2272 1231 2316 L.
1264 2273 1454 2316 Minucio
1486 2273 1600 2317 Rufo
1633 2273 1795 2316 Romae
1834 2272 1926 2316 ludi
1965 2286 2058 2317 sae·

575 2331 760 2386 culares,
793 2332 995 2389 exemplo
1016 2331 1223 2390 Augusti,
1257 2332 1546 2386 celebrantur,
1568 2333 1727 2389 quibus
1752 2332 1932 2376 Tacitus
1955 2332 2060 2377 Cor·

421 2394 461 2430 tr
574 2391 717 2436 nelius
748 2392 983 2436 historicus
1013 2395 1189 2448 praetor
1220 2394 1265 2435 et
1294 2392 1611 2448 quindecimvir
1643 2393 1825 2436 assistit.

401 2454 487 2501 pot.
637 2451 747 2495 Daci
794 2450 1043 2495 Cornelium
1084 2451 1275 2495 Fuscum
1325 2454 1534 2508 superant
1579 2454 1624 2495 et
1670 2451 1897 2504 occidunt,
1943 2451 2061 2508 quod

433 2511 458 2549 8
575 2509 778 2554 damnum
809 2522 912 2554 mox
942 2509 1101 2554 Iuliani
1132 2511 1271 2553 virtus
1302 2512 1488 2567 reparat.

269 2568 355 2614 842
434 2567 462 2612 8
539 2567 641 2614 Cos.
675 2568 726 2612 T.
748 2567 955 2613 Aurelius
975 2568 1157 2613 Fulvius
1180 2568 1236 2622 11,
1268 2568 1320 2612 A.
1343 2568 1627 2626 Sempronius
1648 2567 1907 2621 Atratinus.)
1954 2567 2060 2614 Gor·

575 2628 706 2681 nelis,
738 2628 861 2684 virgo
884 2627 1077 2672 Vestalis
1106 2628 1310 2682 maxima,
1342 2628 1639 2686 impudicitiae
1662 2629 1835 2673 nomine
1858 2629 2061 2673 damnata

576 2690 621 2731 et
651 2686 854 2731 sollemni
884 2686 1102 2744 supplicio
1132 2686 1302 2731 affecta.

269 2211 358 2258 840

266 2271 351 2317 841

152 2746 211 2832 ⁹⁰,
269 2745 357 2791 843
434 2746 461 2789 9
539 2743 640 2790 Cos.
672 2745 781 2803 Imp.
812 2746 1061 2790 Domitiano
1092 2745 1193 2799 XV,
1226 2746 1290 2790 M.
1318 2746 1483 2791 Cocceio
1515 2745 1658 2790 Nerva
1688 2747 1752 2800 11,
1786 2746 2059 2790 Domitianus

582 2804 746 2858 Quadis
786 2807 832 2849 et
859 2805 1180 2850 Marcomannis
1214 2805 1375 2850 bellum
1406 2805 1538 2851 infert
1567 2810 1743 2863 propter
1773 2810 1932 2862 negata
1962 2805 2058 2849 adv.

580 2863 725 2908 Dacos
756 2863 932 2908 auxilia.
979 2864 1135 2908 Victus
1163 2880 1303 2920 paoem
1334 2881 1363 2908 a
1382 2866 1591 2908 Dooebato
1622 2881 1754 2908 annuo
1781 2867 1930 2907 tributo
1953 2867 2060 2917 enine,

161 2923 215 2970 91
281 2922 369 2969 844
435 2922 493 2967 10
551 2934 692 2981 neque
729 2925 876 2967 tamen
914 2936 1011 2967 eum
1044 2924 1239 2980 poenitet
1268 2924 1347 2976 (u.
1381 2924 1510 2982 Ulpio
1543 2924 1745 2977 'ln-aiano,
1785 2924 1926 2968 Acilio
1959 2923 2061 2968 Gla·

581 2981 734 3026 brione
771 2994 879 3037 cos„
917 2982 1016 3027 suff.
1048 2981 1098 3036 Q.
1122 2982 1296 3028 Valerio
1319 2983 1510 3039 Vegeto,
1541 2983 1588 3027 P.
1621 2957 1785 3027 Metilio
1816 2969 2060 3036 Secundo),

583 3039 742 3086 falsum
788 3040 842 3086 de
883 3041 1016 3086 Dacis
1057 3042 1321 3100 triumphum
1367 3042 1525 3086 ducere
1565 3045 1610 3086 et
1647 3042 1798 3086 lanum
1836 3042 2057 3086 claudere·

586 3099 705 3145 ludis
735 3100 963 3159 epulisque
994 3100 1162 3146 diurnis
1194 3101 1365 3159 plebem
1397 3101 1600 3153 delectat
1633 3102 1856 3146 nocturnis
1878 3115 1929 3146 ae
1951 3101 2059 3145 iera·

424 3162 474 3199 tr·
586 3158 701 3204 libus
731 3162 931 3204 senatum
961 3163 1109 3204 terret.
1173 3160 1223 3204 L.
1254 3160 1473 3205 Antonius
1511 3160 1678 3204 duabus
1719 3160 1759 3204 le
1793 3193 1803 3204 .
1834 3161 1879 3204 ιιι
1912 3160 2057 3204 Germ.

409 3221 495 3268 pot.
587 3218 813 3275 superiore
870 3218 1087 3263 nefastus
1118 3218 1290 3273 delicit,
1332 3219 1411 3263 sed
1441 3231 1467 3263 3
1497 3219 1547 3264 L.
1580 3219 1721 3276 Appio
1794 3219 1956 3263 orbano
1986 3219 2060 3263 de·

427 3277 475 3315 ll
582 3276 784 3321 vincitur.
899 3278 1020 3322 imar.
1044 3277 1099 3322 ad
1121 3278 1248 3322 Dion.
1271 3277 1399 3323 Cass.
1420 3278 1494 3323 lib
1516 3278 1588 3330 67,
1621 3292 1662 3335 p.
1690 3277 1836 3330 1110.)
1890 3278 2060 3323 Exinde

584 3335 756 3380 saevior
773 3334 918 3381 faetus
940 3335 1228 3390 Domitianus,
1259 3338 1458 3381 &ninus
1477 3354 1529 3381 ac
1547 3339 1661 3382 desen
1691 3349 1739 3382 se
1761 3338 1906 3383 vocari
1926 3338 2061 3392 iubet,

582 3397 627 3438 et
656 3394 816 3442 divinis
845 3407 895 3440 se
927 3396 1071 3440 vivum
1102 3396 1338 3443 honoribus
1369 3397 1456 3442 coli
1486 3398 1660 3455 patitur.

160 3452 217 3499 92
278 3452 366 3499 845
429 3451 480 3496 11
546 3451 647 3499 Cos.
680 3453 789 3512 Imp.
809 3453 1085 3499 Domitianus
1106 3454 1233 3510 xvi,
1263 3454 1540 3510 QVolusius
1560 3456 1837 3508 Saturninus,
1867 3454 1965 3500 suff.
1996 3454 2059 3500 ld.

584 3511 675 3556 Ian.
697 3511 748 3557 L.
771 3511 1008 3558 Vnnleius
1029 3512 1320 3571 Apronianus,
1341 3514 1431 3559 031
1451 3516 1548 3561 Mai.
1572 3515 1620 3559 L.
1637 3514 1874 3560 Stertinius
1889 3513 2060 3568 Avitus,

585 3570 678 3615 031.
709 3570 831 3632 Sept.
865 3570 914 3617 O.
946 3572 1097 3620 lunius
1127 3573 1319 3621 Silanus.
