2392 4016
10 2604 36 2969 >1<,rss‚÷›ae;†w,‘=·
11 2527 25 2581 ψ.
16 2479 18 2483 -

1071 970 1149 1017 ΒΕ

411 1054 927 1120 AUCTORIBUS
979 1054 1418 1118 HISTORIAE
1461 1055 1801 1121 VETERIS

757 1167 1002 1220 BREVIS
1036 1168 1111 1218 IN
1116 1167 1453 1221 STITUTIO.

227 1456 354 1523 Cum
387 1475 441 1520 de
471 1476 722 1520 auctoribus
751 1475 959 1520 historiae
990 1475 1167 1528 veteris,
1203 1486 1314 1531 quos
1344 1475 1391 1519 in
1420 1475 1720 1532 componendo
1751 1476 1833 1519 hoc
1863 1476 1974 1519 libro
2005 1488 2072 1519 se·

141 1550 232 1594 cuti
271 1561 444 1602 sumus,
485 1550 530 1592 et
566 1560 677 1604 quos
714 1548 841 1604 sequi
877 1547 1028 1601 debet,
1068 1547 1315 1603 quicunque
1353 1547 1465 1591 hanc
1505 1548 1747 1592 litterarum
1777 1550 1942 1604 partem
1973 1560 2073 1591 cum

139 1621 286 1667 fructu
315 1619 485 1665 discere
506 1620 612 1674 vult,
643 1620 796 1676 paucis
818 1619 1037 1676 explicare
1058 1619 1301 1677 aggrediar,
1323 1620 1398 1663 vix
1418 1632 1529 1677 opus
1550 1620 1722 1664 videtur
1742 1631 1932 1671 monere,
1953 1619 2071 1662 solos

144 1693 411 1739 Graecorum
431 1691 811 1749 Romanorumque
842 1691 1079 1748 scriptores
1109 1692 1157 1736 in
1187 1692 1303 1736 hunc
1336 1704 1517 1736 censum
1536 1692 1707 1736 venire:
1738 1704 1838 1735 nam
1859 1690 2073 1734 Asiatica-

141 1778 237 1810 rum
258 1765 525 1820 aliarumque
556 1763 752 1820 gentium
782 1763 1060 1807 barbararum
1091 1766 1167 1808 aut
1195 1764 1340 1808 nullae
1371 1763 1547 1809 fuerunt
1574 1764 1767 1815 litterae,
1806 1764 1883 1806 aut
1901 1762 1941 1805 si
1961 1774 2073 1818 quae

139 1837 252 1883 forte
282 1836 470 1890 fuerunt,
499 1837 587 1880 iam
618 1834 785 1893 pridem
816 1836 1051 1891 perierunt.
1104 1836 1362 1880 Iudaeorum
1392 1839 1540 1880 tamen
1568 1836 1704 1880 libros
1737 1846 1885 1878 sacros
1916 1833 2072 1889 religio

141 1909 352 1963 servavit,
391 1921 448 1952 ex
485 1908 644 1965 quibus
684 1919 773 1952 non
810 1906 939 1951 modo
980 1908 1120 1964 ipsius
1152 1909 1298 1965 gentis
1330 1907 1533 1952 Iudaicae
1563 1907 1790 1951 historiam
1820 1905 2073 1961 repetimus,

140 1994 291 2027 verum
327 1980 460 2025 etiam
496 1980 543 2023 in
572 1980 703 2024 rebus
733 1978 974 2022 vicinarum
1005 1980 1200 2036 gentium
1232 1979 1470 2036 (imprimis
1500 1978 1782 2035 Assyriorum
1813 1980 1858 2021 et
1885 1976 2075 2033 Babylo·

141 2052 337 2104 nicrum)
366 2050 683 2109 cognoscendis
714 2049 981 2095 adiuvamur.
1031 2051 1121 2096 Sed
1151 2065 1251 2096 cum
1282 2052 1413 2096 etiam
1444 2064 1501 2096 ex
1529 2050 1699 2107 ingenti
1732 2048 1998 2093 Graecorum
2030 2051 2075 2092 et

141 2125 434 2171 Romanorum
463 2123 724 2180 scriptorum
754 2134 932 2166 numero
964 2122 1333 2180 longe-plurimos
1363 2115 1779 2168 vetustatis-iniuria
1794 2121 2074 2178 oppresserit,

142 2209 282 2254 nsque
309 2195 400 2240 fere
430 2197 582 2239 extent
609 2193 738 2239 hodie
768 2193 856 2237 nisi
864 2194 1428 2252 -prctiosissima-quaeque
1458 2194 1725 2252 fragmenta,
1769 2206 1826 2237 ex
1855 2194 2073 2238 communi

141 2269 382 2314 litterarum
409 2265 637 2323 naufragio
668 2267 853 2318 servata,
882 2264 1012 2310 facile
1043 2259 1318 2324 intelligitur,
1349 2268 1457 2312 haec
1489 2267 1635 2311 omnia
1663 2266 1720 2309 ad
1750 2268 1897 2322 partes
1927 2265 2075 2309 vocari

143 2342 357 2399 oportere,
386 2340 438 2383 ut
465 2337 710 2382 absolutam
741 2339 949 2394 quantum
970 2337 1066 2382 fieri
1085 2340 1229 2396 possit
1246 2353 1390 2384 rerum
1411 2338 1515 2383 olim
1537 2340 1758 2394 gestarum
1780 2337 2073 2394 cognitionem

144 2423 440 2469 assequamur,
470 2421 611 2466 neque
641 2409 777 2453 ullum
810 2409 1067 2466 scriptorem
1098 2422 1197 2455 esse
1227 2414 1317 2455 tam
1338 2410 1589 2468 ignobilem,
1621 2423 1677 2454 ex
1696 2422 1782 2466 quo
1804 2422 1890 2453 non
1910 2408 2074 2465 aliquid

144 2483 202 2528 ad
227 2474 455 2530 historiam
485 2479 703 2538 proficias.
764 2480 1061 2526 Veruntamen
1090 2482 1173 2527 hoc
1204 2483 1324 2537 loco,
1360 2483 1563 2540 quoniam
1601 2494 1655 2525 ne
1685 2482 1731 2525 in
1759 2482 1869 2538 ipsis
1899 2480 2073 2537 quidem

144 2554 372 2600 annalibus
403 2553 491 2598 nisi
508 2565 653 2598 rerum
674 2564 866 2597 summas
887 2555 1107 2610 persecuti
1127 2567 1294 2608 sumus,
1324 2566 1401 2599 sos
1423 2555 1657 2611 scriptores
1678 2565 1944 2598 memorasse
1965 2553 2073 2596 satis

143 2626 414 2680 habebimus,
452 2637 509 2669 ex
538 2637 721 2680 quorum
751 2627 964 2681 perpetua
992 2625 1181 2670 lectione
1212 2626 1372 2671 veteris
1403 2626 1610 2670 historiae
1642 2625 1767 2681 quasi
1797 2636 1955 2681 corpus
1986 2623 2074 2667 col·

143 2698 319 2756 ligatur,
349 2697 598 2742 omittemus
629 2698 675 2740 et
701 2695 970 2752 perditorum
1000 2698 1264 2742 mentionem
1296 2701 1341 2742 et
1370 2709 1533 2751 eorum,
1564 2710 1591 2741 a
1610 2696 1768 2754 quibus
1789 2696 2072 2752 singularium

146 2769 414 2828 quarundam
442 2780 587 2813 rerum
617 2767 695 2812 lux
724 2767 869 2824 aliqua
897 2771 1083 2825 petatur.

267 2841 470 2887 Omnium
499 2838 758 2896 populorum
795 2840 1026 2885 historiam
1064 2842 1118 2885 ab
1148 2842 1316 2886 incerto
1355 2854 1497 2886 rernm
1529 2842 1750 2898 gestarum
1781 2839 1904 2882 initio
1936 2850 2074 2894 usque

147 2913 204 2959 ad
234 2912 283 2958 C.
315 2911 474 2957 Iulium
494 2910 732 2979 Gaesarem
758 2913 937 2970 scripsit
966 2914 1178 2957 Diodorus
1199 2912 1409 2967 Graecus,
1442 2912 1521 2957 sed
1550 2911 1699 2967 magni
1729 2911 1873 2967 operis
1904 2914 2075 2967 praeter

148 2985 340 3042 quinque
370 2983 505 3027 libros
535 2982 720 3040 priores,
750 2984 796 3029 in
825 2984 983 3042 quibus
1014 2985 1068 3029 de
1098 2984 1296 3030 fabulosa
1325 2985 1508 3029 historia
1536 2987 1637 3028 ante
1656 2982 1818 3026 bellum
1840 2983 2073 3027 Troianum

150 3056 350 3113 copiose,
395 3054 466 3099 vel
495 3056 546 3098 ut
573 3054 649 3098 alii
677 3054 824 3101 dicere
854 3056 1022 3110 malint,
1053 3056 1295 3113 loquaciter
1324 3055 1562 3108 fabulatur,
1594 3057 1640 3098 et
1668 3057 1908 3099 ceterorum
1939 3054 2076 3097 multa

147 3129 368 3185 excerpta,
398 3139 451 3171 ea
479 3128 647 3171 tantum
674 3139 778 3184 pars
807 3128 980 3185 integra
1009 3131 1210 3185 superest
1241 3127 1339 3179 (lib.
1365 3126 1588 3179 11—20),
1619 3126 1665 3170 in
1695 3138 1783 3182 qua
1810 3126 1948 3169 resin
1970 3127 2074 3169 orbe

150 3200 360 3243 terrarum
390 3199 541 3255 gestas
571 3210 600 3241 a
626 3198 792 3244 Xerxis
822 3200 869 3244 in
901 3198 1129 3244 Graeciam
1161 3199 1438 3256 expeditione
1469 3209 1607 3254 usque
1639 3196 1693 3241 ad
1713 3196 1979 3253 Antigonum
1995 3220 1997 3222 ·
2012 3196 2073 3240 vi·

150 3272 284 3324 ctum,
313 3269 342 3313 i.
364 3281 402 3313 e.
433 3269 487 3312 ab
517 3281 630 3313 anno
661 3282 702 3315 a.
724 3269 825 3316 Ohr.
854 3270 945 3316 480
967 3283 1061 3327 usq.
1094 3270 1149 3315 ad
1179 3284 1218 3315 a.
1250 3270 1334 3316 301
1379 3271 1442 3315 ita
1471 3269 1718 3326 descripsit,
1756 3272 1805 3312 ut
1834 3280 1920 3312 non
1951 3281 2074 3325 sepa·

149 3341 276 3386 ratim
307 3340 576 3398 singulorum
604 3342 861 3399 populorum
891 3342 1096 3388 historias
1126 3345 1362 3397 enarraret,
1393 3342 1471 3387 sed
1491 3340 1702 3399 quidquid
1721 3340 1765 3384 in
1788 3340 1908 3393 Asia,
1941 3340 2073 3385 Grae·

151 3414 234 3468 cia,
264 3413 432 3466 Sicilia,
461 3411 590 3458 Italia
618 3412 771 3459 eodem
801 3417 997 3471 tenpore
1018 3416 1264 3472 gereretur,
1296 3414 1427 3460 simul
1446 3415 1493 3460 in
1513 3417 1796 3470 conspectum
1816 3412 1956 3457 daret:
1989 3425 2076 3469 qua

155 3484 325 3530 ratione
356 3496 456 3529 cum
494 3497 542 3529 se
583 3485 744 3542 optime
782 3485 838 3531 de
866 3485 1050 3531 historia
1086 3486 1322 3531 universali
1349 3486 1507 3532 mereri
1534 3485 1727 3543 putaretl,
1765 3484 1804 3529 si
1832 3496 1981 3528 verum
2012 3483 2074 3527 di·

152 3569 254 3602 cere
283 3555 500 3611 volumus,
537 3555 645 3601 nihil
683 3555 801 3602 aliud
831 3559 901 3602 est
929 3561 1173 3613 assecutus,
1203 3570 1333 3615 quam
1363 3561 1413 3603 ut
1441 3557 1680 3603 naturalem
1709 3569 1852 3602 rerum
1880 3555 2073 3601 ordinem
