2392 4016
402 212 487 255 140
1174 211 1354 251 Annales
1384 211 1556 250 Romani

398 358 492 398 μῦ.
551 368 583 391 u.
602 367 631 391 c.
678 357 764 397 imp.
2390 373 2392 394 :

700 407 751 442 tr·
788 455 789 458 Ἴ
854 402 1140 446 Germanicus
1182 403 1334 445 ultima
1380 403 1461 445 hac
1502 401 1596 445 adv.
1638 402 1879 446 Germanos
1918 402 2194 457 expeditione
2236 415 2328 446 sus·
2382 412 2392 429 ’-

679 466 766 512 pot·
856 465 1004 518 cepta,
1044 475 1122 518 per
1153 462 1374 505 Oceanum
1406 461 1460 503 ad
1491 459 1702 505 Amisiam
1742 475 1911 504 amnem
1944 461 2133 514 vehitur,
2173 460 2330 517 Angri-

699 522 750 559 18
856 523 1000 579 varios
1038 534 1115 577 per
1147 521 1412 577 Stertinium
1441 520 1632 577 legatum
1670 522 1717 564 in
1749 521 2012 564 deditionem
2044 494 2226 575 accipit,
2260 521 2330 563 Vi·
2388 538 2392 580 3

853 581 1017 637 su'rgim
1046 581 1218 633 transit,
1241 570 1495 623 Cheruscos
1524 580 1574 622 et
1603 579 1746 636 ipsum
1768 580 2011 623 Arminium
2043 579 2197 622 ducem
2229 579 2331 622 duo-
2388 581 2392 631 s

853 639 935 682 bus
967 639 1147 708 proeliis
1191 640 1348 695 (prope
1380 638 1605 691 Bremam‚
1645 652 1754 695 quae
1785 639 1912 682 hodie
1945 637 2151 690 vocatur)
2184 639 2332 690 vincit,
2388 635 2392 692 'j

856 698 933 741 sed
964 699 1010 740 in
1041 698 1184 741 reditu
1217 711 1267 740 ea
1298 710 1398 754 pars
1432 699 1673 753 copiarum,
1715 711 1824 753 quae
1856 698 2041 740 navibus
2075 700 2167 739 erat
2197 698 2332 752 impo-
2390 723 2392 727 ·

855 759 953 809 sita,
986 759 1250 813 tempestate*
1278 757 1501 813 affligitur.
1542 756 1798 813 Cupientem
1828 758 1873 800 in
1905 757 2128 812 provincia
2159 769 2331 799 manere

855 816 1159 860 Germanicum
1192 817 1289 859 Tib.
1321 819 1512 859 revocat.

912 875 1076 918 Romae
1106 877 1331 919 maiestatis
1364 877 1519 918 iudicia
1550 875 1758 927 exerceri,
1798 876 1999 917 delatores
2029 875 2334 929 ingravescere

855 938 1108 990 coeperunt,
1141 948 1321 990 quorum
1358 936 1497 990 prima
1526 934 1840 977 victimacadit
1860 933 1909 976 L.
1934 934 2187 977 Scribonius
2210 933 2351 986 Libo,'
2390 983 2392 986 ¹

835 988 1045 1048 'praeton
1100 993 1316 1044 Clemens,
1349 994 1569 1049 Agrippae
1592 993 1789 1036 Postumi
1820 1006 1986 1045 servus,
2020 992 2246 1035 dominum*
2270 993 2334 1034 in·
2388 1009 2392 1030 ·.

854 1054 1114 1106 teremptum
1148 1065 1194 1094 se
1228 1052 1452 1104 simulans,
1481 1054 1527 1095 in
1558 1053 1983 1107 ipsoaeinitioaererum
2015 1065 2224 1094 novarum
2256 1065 2333 1107 per
2388 1050 2392 1107 j

855 1109 1113 1153 Sallustium
1146 1110 1349 1166 Crispum
1380 1111 1648 1166 opprimitur.
2388 1126 2392 1142 =

433 1167 484 1209 17
547 1168 634 1211 770
711 1167 739 1210 4
819 1166 920 1211 Cos.
956 1168 1003 1212 C.
1037 1168 1214 1212 Caelius
1245 1169 1398 1221 Rufus,
1431 1169 1480 1211 L.
1513 1169 1779 1224 Pomponius
1810 1169 1996 1212 Flaccus
2030 1169 2151 1221 (suff.
2189 1169 2236 1212 C.
2261 1169 2334 1211 Vi-

853 1228 952 1270 bius
974 1228 1156 1281 Marsus,
1190 1228 1239 1270 L.
1262 1228 1497 1272 Voluseius
1516 1227 1754 1270 Proculus:
1790 1227 1894 1270 Tac.
1915 1227 2026 1270 Ann.
2055 1228 2096 1280 2,
2124 1226 2335 1280 41-52.)
2384 1267 2392 1280 ,

703 1291 753 1325 tr·
858 1285 1158 1341 Germanicus,
1191 1288 1374 1330 Romam
1404 1299 1512 1330 cum·
1533 1299 1692 1343 magna
1720 1286 1942 1329 hominum
1963 1288 2240 1329 veneratione
2271 1301 2335 1330 re·
2386 1293 2392 1333 5

681 1350 767 1396 pot.
861 1359 1035 1399 versus,
1085 1347 1137 1389 de
1179 1346 1413 1389 Cheruscis
1456 1345 1683 1401 Cattisque
1727 1347 1771 1388 et
1808 1345 2079 1400 Angrivariis
2121 1346 2336 1389 celebrem
2385 1383 2392 1394 ,

702 1406 752 1443 19
856 1407 1120 1462 triumphum
1151 1406 1206 1457 (a.
1230 1405 1282 1448 d.
1295 1415 1363 1448 vn
1389 1405 1486 1448 Cal.
1502 1405 1618 1455 Iun.)
1652 1405 1784 1457 ducit,
1815 1420 1906 1447 mox
1937 1407 1978 1447 in
2016 1405 2217 1447 Orientem
2247 1408 2337 1447 mit·
2383 1411 2392 1444 τ

863 1467 973 1507 titur.
1026 1465 1220 1521 Fugerat
1250 1465 1365 1508 enim
1386 1465 1607 1523 Vonones,
1639 1476 1718 1506 rex
1738 1463 2008 1517 Parthorum,
2042 1465 2094 1507 ab
2117 1464 2337 1507 Artabano
2384 1463 2392 1514 ἒ

858 1524 1038 1577 eiectus,
1069 1525 1114 1566 in
1145 1515 1410 1576 Armeniam,
1443 1526 1487 1567 et
1507 1523 1775 1577 Archelaus,
1781 1521 2095 1580 Cappadociae
2127 1537 2218 1575 rex,
2251 1524 2335 1566 Ro-

858 1596 970 1625 mam
1011 1586 1217 1626 evocatus
1261 1583 1534 1626 decesserat:
1582 1582 1714 1625 Asiae
1756 1583 1884 1625 urbes
1926 1583 2154 1625 duodecim
2196 1586 2337 1626 terrae
2389 1596 2392 1597 ⁷

859 1645 979 1685 motu
1011 1642 1198 1685 afflictae
1231 1645 1365 1684 erant.
1413 1642 1704 1685 Instituuntur
1734 1642 1983 1697 provinciae
2021 1642 2241 1684 Germania
2272 1659 2336 1684 su-

852 1703 1013 1755 perior,
1054 1702 1126 1744 cui
1158 1701 1208 1744 O.
1239 1702 1374 1744 Silius
1413 1701 1683 1756 praefectus,
1722 1703 1767 1743 et
1797 1702 1991 1755 inferior,
2032 1714 2142 1756 quae
2180 1701 2339 1744 tradita

862 1759 911 1802 C.
933 1760 1116 1803 Visellio
1140 1761 1339 1812 Varroni,
1375 1761 1512 1803 sacris
1554 1773 1664 1815 quae
1695 1761 1742 1812 in
1782 1759 2336 1816 oppidozUbioriimffiunt,
2389 1808 2392 1816 Ι

862 1819 1133 1862 coniunctae.
1203 1819 1436 1862 Praeterea
1475 1832 1526 1862 su
1558 1821 1577 1861 t
1617 1819 1698 1862 sub
1737 1817 1936 1874 Augusto
1976 1822 2065 1862 tres
2100 1819 2338 1862 Galliarum
2391 1830 2392 1833 ’

859 1878 1126 1934 provinciae,
1155 1877 1478 1935 Lugdunensis,
1550 1878 1704 1933 elgica,
1746 1878 1993 1932 Aquitania,
2035 1879 2336 1921 communione

864 1949 1100 1990 sacrorum,
1133 1949 1242 1993 quae
1264 1937 1380 1994 apud
1401 1950 1529 1979 aram-
1538 1937 1836 1992 Augustorum
1857 1936 2060 1991 Lugduni
2080 1937 2202 1989 fiunt,
2236 1951 2336 1981 con-

842 1994 1048 2104 Ἑπιοιςῖειρ.
1121 1996 1298 2053 Syriae,
1332 1999 1559 2052 tamquam
1591 1996 1782 2039 adiutor
1795 1995 2065 2049 Germanici,
2104 1971 2340 2052 imponitur

847 2067 852 2092 ι
900 2069 927 2098 ιι
1010 2068 1092 2099 iso.

923 2114 1150 2158 Germanis
1191 2115 1246 2157 ad
1285 2115 1411 2157 civile
1442 2115 1604 2158 bellum
1645 2096 1869 2157 conversis
1904 2113 2115 2157 Cherusci
2154 2117 2197 2157 et
2227 2115 2338 2157 Lan-

861 2174 1063 2230 gobardi,
1097 2175 1292 2216 Arminio
1326 2174 1449 2226 duce,
1480 2173 1814 2230 Maroboduum,
1854 2175 2044 2216 veterem
2076 2174 2338 2229 Marcoman-

861 2292 1000 2334 manis
1041 2292 1204 2334 auxilia
1243 2289 1390 2347 petere
1423 2274 1602 2334 coactus
1635 2276 1711 2334 sit.
1753 2291 1938 2333 mittitur
1970 2266 2162 2344 Drusus,
2206 2295 2252 2334 ut
2283 2305 2338 2335 ex
2389 2288 2392 2321 i

858 2351 1100 2406 propinquo
1133 2351 1310 2406 Illyrico
1342 2349 1591 2393 eos-motus
1625 2350 1886 2406 speculetur.
2375 2400 2383 2408 Δ,

827 2410 833 2460 ,Ι
925 2410 975 2452 Ιιι
1013 2410 1161 2453 Africa
1199 2410 1361 2453 bellum
1401 2423 1499 2452 cum
1531 2409 1826 2460 Tacfarinate,
1865 2409 2072 2461 Numida,
2113 2410 2186 2465 qui
2225 2409 2339 2465 apud
2375 2415 2387 2438 ’ἵ

824 2464 1080 2512 =R6manos
1111 2469 1450 2521 ιιιίΙίῒιειθκιιειιιιι
1482 2468 1706 2521 didicerat,
1738 2469 1831 2523 geri
1851 2472 2050 2524 coeptum
2076 2473 2157 2520 est,
2191 2469 2336 2511 multis

824 2531 829 2572 ἰ
862 2527 1034 2570 demum
1064 2529 1188 2571 annis
1221 2530 1321 2584 post
1352 2527 1582 2583 sepultum.

881 2579 890 2640 l
922 2587 1070 2630 Tomis
1101 2588 1145 2630 in
1177 2588 1308 2630 exilio
1339 2587 1387 2630 P.
1421 2586 1600 2630 Ovidius
1630 2587 1761 2642 poeta
1789 2578 1974 2629 decedit.

439 2645 494 2689 18
554 2601 638 2688 771
719 2644 745 2689 5
825 2645 924 2689 Cos.
966 2647 1168 2690 Tiberius
1211 2646 1373 2690 Caesar
1410 2646 1635 2701 Augustus
1668 2645 1755 2697 III,
1798 2644 2085 2688 Germanicus
2120 2644 2245 2688 Caes.
2279 2644 2336 2696 II,

860 2705 927 2747 illi
959 2705 1055 2749 suff.
1088 2718 1224 2748 mens.
1255 2706 1345 2748 Ian.
1378 2705 1428 2748 L.
1454 2705 1582 2748 Seius
1615 2705 1802 2756 Tubero,
1842 2714 1896 2745 ιιι
1923 2704 2012 2746 Cal.
2035 2704 2170 2746 Maias
2203 2704 2337 2756 alius;

709 2769 757 2803 tr·
864 2763 954 2807 Cal.
986 2764 1100 2821 Aug.
1140 2765 1224 2808 duo
1257 2764 1431 2808 suffecti
1462 2764 1558 2806 alii.
1601 2764 1705 2807 Tac.
1737 2763 1850 2805 Ann.
1882 2762 1924 2816 2,
1956 2762 2162 2813 53—58.)
2232 2762 2338 2806 Ger-

689 2827 776 2870 pot.
866 2824 1062 2866 manicus
1097 2823 1417 2880 Cappadociam
1456 2826 1499 2866 et
1531 2822 1852 2878 Commagenen
1891 2823 1936 2865 in
1968 2822 2216 2878 provinciae
2254 2822 2338 2864 for-

707 2883 761 2919 20
862 2894 974 2924 mam
1005 2883 1179 2939 redig'if,
1197 2883 1427 2926 *Armeniis
1456 2881 1703 2925 volentibus
1735 2882 1954 2925 Zenonem
1985 2880 2242 2933 (Artaxiam)
2272 2894 2338 2924 re-

863 2953 962 2996 gem
991 2942 1188 2997 imponit,
1221 2942 1299 2985 sed
1331 2941 1515 2984 occultis
1545 2941 1786 2984 inimicitiis
1809 2954 1835 2983 a
1857 2940 1935 2984 Cn.
1952 2941 2110 2983 Pisone
2131 2940 2308 2996 petitur.

442 2999 495 3042 19
559 2999 644 3042 772
688 2998 748 3041 6
830 2999 930 3043 Cos.
962 3000 1018 3042 M.
1051 3000 1202 3043 Iunius
1234 3001 1433 3052 Silanus,
1472 3000 1523 3042 L.
1555 3000 1785 3042 Norbanus
1816 2999 1980 3042 Balbus
2021 2998 2145 3051 (suff.
2177 2999 2226 3041 Ρ
2257 2999 2338 3041 Pe-

857 3058 1058 3111 tronius)
1102 3059 1204 3102 Tac.
1243 3060 1356 3102 Ann.
1399 3058 1446 3111 2,
1478 3058 1604 3101 58-
1613 3057 1686 3100 fin.
1719 3057 1860 3110 libri.)
1922 3058 2100 3110 Iudaei
2116 3058 2224 3109 ’nisi
2264 3058 2338 3113 qui

713 3124 761 3156 tr.
862 3118 1097 3176 religiones
1147 3130 1248 3161 suas
1290 3118 1510 3169 exuerint,
1551 3117 1655 3165 soto
1686 3117 1844 3162 Roma?
1865 3119 1909 3161 et
1939 3117 2066 3159 Italia
2083 3090 2336 3172 pelluntur.

693 3181 778 3225 pot
868 3169 1157 3220 Maroboduus
1190 3190 1213 3220 e
1243 3190 1378 3233 regno
1418 3176 1571 3232 pulsus
1612 3177 1658 3219 in
1688 3176 1859 3218 Italiam
1889 3177 2009 3219 venit
2048 3178 2092 3218 et
2121 3176 2337 3231 permissu

708 3237 761 3274 21
867 3236 1032 3279 Tiberii
1052 3235 1607 3288 Ravennae-consenescit,
1640 3235 1718 3278 sed
1749 3234 2039 3278 eodemhoc
2046 3248 2083 3276 a.
2107 3235 2235 3277 etiam
2256 3233 2337 3277 Ar-

861 3295 1034 3351 minius,
1063 3297 1110 3338 in
1141 3295 1246 3338 flore
1278 3295 1456 3346 aetatis,
1496 3294 1595 3337 dolo
1625 3295 1986 3350 propinquorum,
2023 3296 2242 3348 tamquam
2272 3307 2337 3336 re·

866 3366 998 3409 gnum
1037 3354 1268 3407 affectans,
1309 3327 1532 3398 occi'di'tur.
1601 3354 1766 3406 Druso,
1806 3354 1877 3396 cui
1908 3355 2144 3396 nascuntur
2175 3353 2337 3408 gemini

863 3412 943 3455 filii
976 3412 1140 3464 (unus
1150 3427 1299 3456 eorum
1321 3413 1538 3466 Tiberius,
1571 3427 1597 3456 a
1618 3412 1819 3468 Caligula
1849 3410 2063 3465 occisus),
2095 3414 2139 3454 et
2161 3411 2335 3454 Germa-

863 3472 961 3514 nico
994 3473 1425 3516 ovatio-decernitur.

921 3529 1033 3573 Nam
1061 3531 1107 3573 in
1138 3531 1314 3576 Oriente
1351 3532 1627 3583 Germanicus,
1658 3543 1757 3574 cum
1788 3543 1844 3573 ex
1862 3527 2064 3585 Aegypto
2094 3527 2140 3570 in
2162 3528 2334 3583 Syriam

864 3589 1071 3642 redisset,
1111 3593 1281 3646 apertas
1318 3591 1405 3634 iam
1443 3587 1694 3633 inimicitias
1734 3602 1832 3631 cum
1875 3587 1952 3631 Cn.
1983 3587 2144 3630 Pisone
2184 3600 2334 3643 gerere
