2392 4016
22 2355 42 2730 ‘-··3t,=mfflQa-⁶v-*⁴w·-s-2-⁸
23 2238 33 2290 1⁵⁴ae
27 2153 34 2159 .
23 2084 28 2087 ·

63 2598 70 2604 ι

636 184 688 222 ab
722 195 828 222 anno
859 194 900 232 p.
919 179 1014 221 Chr.
1048 181 1132 220 212
1164 191 1294 230 usque
1322 181 1376 219 ad
1404 192 1555 220 annum
1578 180 1678 219 229.
2041 177 2124 222 169

193 330 282 372 ⁹⁸⁰⁸
342 340 422 363 Μ’
482 331 569 372 imp.
646 373 967 430 impurissimus
998 373 1152 426 homo,
1190 383 1272 415 nec
1304 370 1448 414 minus
1479 370 1734 414 crudelitate
1772 372 1974 429 insignis.
2035 371 2126 415 Lit-

644 435 763 477 terae
811 432 864 476 de
912 433 1007 476 eius
1054 431 1239 475 victoria
1283 443 1348 487 pr.
1381 429 1444 473 Id.
1487 429 1566 472 Iul.
1606 430 1786 474 Romam
1837 434 2128 487 pervenerunt

649 492 887 550 eodemque
918 492 988 536 die
1019 503 1171 535 omnes
1197 490 1505 547 imperatorum
1526 488 1711 532 honores
1744 490 1784 532 ei
1815 490 1980 534 decreti
2011 493 2125 534 sunt.

196 554 282 599 219
345 553 431 599 972
522 552 550 597 2
612 550 712 596 Cos.
746 551 854 608 Imp.
885 551 942 595 M.
973 549 1179 594 Aurelius
1209 549 1455 593 Antoninus
1487 547 1593 592 Pius
1624 547 1751 591 Felix
1782 549 1864 601 (sic
1896 549 2011 593 enim
2042 550 2128 594 sol-

646 611 849 655 lemniter
877 609 1084 662 vocatur)
1115 609 1172 663 11,
1205 607 1255 662 Q.
1277 608 1461 652 Tineius
1492 606 1707 652 Sacerdos
1738 607 1814 661 II.)
1863 608 2127 664 Elagabalus

646 673 878 728 postquam
914 669 1098 713 Romam
1135 668 1277 721 venit,
1325 668 1440 710 inter
1477 667 1753 724 turpissimas
1800 667 2045 724 voluptates
2085 672 2130 712 et

648 729 888 774 inauditam
918 728 1148 781 luxuriem,
1181 727 1307 783 quasi
1337 729 1466 770 natus
1498 725 1552 770 ad
1582 725 1863 783 polluendum
1883 727 1985 783 imp.
2004 727 2126 770 Rom.

647 791 692 833 et
721 801 879 832 nomen
909 788 1129 831 sacratum
1159 785 1500 838 Antoninorum,
1539 783 1586 828 id
1617 798 1750 828 unum
1783 786 1897 828 serio
1929 786 2040 842 agit,
2082 790 2130 830 ut

647 860 754 892 suus
785 843 1046 891 deus'solus
1081 858 1161 902 per
1191 845 1339 889 orbem
1370 846 1583 888 terrarum
1614 845 1803 898 colatur,
1847 846 1918 889 cui
1949 848 1995 888 et
2023 848 2129 888 tem-

646 907 768 965 plum
787 907 952 950 Romae
983 906 1029 948 in
1050 905 1250 949 Palatino
1270 906 1418 948 monte
1440 904 1616 957 extruit,
1648 906 1692 947 et
1723 917 1901 947 uxorem
1923 903 2129 948 Astarten

647 967 786 1020 deam,
818 966 910 1010 sive
941 964 1123 1018 Lunam,
1157 963 1420 1021 Carthagine
1452 963 1747 1007 advehendam
1780 966 1915 1007 curat.

191 1025 280 1070 220
340 1025 427 1071 973
517 1026 546 1070 3
609 1025 710 1070 Cos.
732 1026 841 1082 Imp.
858 1023 1106 1068 Antoninus
1123 1023 1204 1078 III,
1224 1023 1273 1067 P.
1291 1023 1493 1067 Valerius
1515 1023 1816 1080 Eutychianus
1839 1022 2055 1067 Comazon
2072 1023 2128 1067 ΙΙ.

192 1084 277 1130 221
341 1085 429 1131 974
518 1085 548 1130 4
610 1085 713 1130 Cos.
747 1085 796 1130 C.
830 1084 1005 1129 Valerio
1039 1083 1174 1128 Grato
1207 1083 1444 1127 Sabiniano
1484 1085 1529 1125 et
1557 1083 1613 1126 M.
1645 1083 1782 1126 Fabio
1814 1082 2000 1127 Seleuco
2031 1083 2130 1126 Ela-

646 1145 829 1203 gabalus
869 1144 1176 1188 consobrinum
1218 1155 1346 1187 sunm
1380 1141 1641 1186 Bassianum
1673 1141 1955 1195 Alexianum‚
1994 1142 2131 1187 filium

646 1205 905 1247 Mammaeae
936 1206 982 1247 et
1012 1202 1192 1247 Genesii
1222 1202 1444 1255 Marciani,
1476 1201 1593 1259 Syri,
1626 1204 1803 1245 auctore
1834 1202 1994 1255 Maesa,
2027 1216 2065 1245 a.
2088 1202 2128 1246 d.

645 1260 709 1308 VI
739 1264 803 1307 Id.
835 1263 916 1307 Iul.
953 1262 1151 1319 adoptat,
1194 1261 1511 1318 Caesaremque
1550 1261 1761 1319 appellat,
1810 1262 2015 1318 imposito
2054 1274 2130 1305 no-

646 1324 764 1367 mine
794 1323 859 1366 M
892 1322 1057 1365 Aurelii
1086 1322 1234 1365 Severi
1261 1321 1506 1364 Alexandri.

194 1381 280 1426 222
342 1381 429 1428 975
519 1381 547 1426 5
610 1380 710 1426 Cos.
751 1383 860 1439 Imp.
901 1380 1147 1425 Antoninus
1189 1380 1266 1434 IV,
1311 1379 1563 1424 Alexander
1602 1378 1795 1430 Caesar.)
1864 1378 2131 1436 Elagabalus

648 1455 747 1486 cum
786 1441 1023 1485 Alexandri
1060 1441 1176 1484 vitae
1213 1439 1518 1493 insidiaretur,
1558 1446 1585 1482 a
1622 1439 1935 1495 praetorianis,
1974 1439 2132 1494 quibus

651 1514 760 1558 puer
789 1501 918 1544 unice
948 1512 1091 1553 carus,
1124 1499 1254 1543 simul
1286 1512 1385 1542 cum
1406 1501 1543 1542 matre
1575 1500 1769 1550 necatur,
1802 1509 1960 1554 corpus
1990 1499 2037 1541 in
2059 1497 2133 1542 Ti-

647 1560 785 1604 berim
803 1559 1045 1616 proficitur,
1068 1571 1106 1601 a.
1129 1558 1170 1601 d.
1193 1556 1220 1602 5
1242 1558 1306 1601 Id.
1328 1558 1520 1601 Martias.
1584 1556 1650 1601 Cf.
1672 1557 1812 1601 Reim.
1843 1556 1899 1600 ad
1927 1557 1979 1599 D.
2008 1557 2132 1601 Cass.

645 1619 721 1663 lib.
753 1619 825 1672 79,
855 1632 898 1675 p.
933 1617 1062 1662 1352.

561 1678 583 1721 1
646 1676 946 1722 SEVERUS
964 1676 1379 1730 ALEXANDER,
1402 1675 1547 1728 (natus
1565 1674 1659 1719 Cal.
1676 1675 1770 1719 Oct.
1790 1688 1828 1718 a.
1846 1674 1933 1718 208
1949 1688 1991 1731 p.
2010 1674 2133 1728 Chr.)

647 1739 751 1794 imp.
792 1738 999 1794 suscipit,
1039 1737 1185 1780 omnia
1222 1749 1279 1779 ex
1329 1735 1513 1779 consilio
1551 1735 1727 1787 matris,
1765 1734 2014 1791 prudentis,
2056 1734 2135 1778 sed

649 1797 906 1841 ambitiosae
938 1799 982 1839 et
1013 1809 1166 1839 avar-ae
1196 1794 1392 1838 mulieris
1406 1827 1417 1847 ‚
1458 1806 1609 1850 agens.
1678 1793 1779 1850 Ipse
1819 1794 2011 1836 omnium
2048 1795 2135 1838 vir-

648 1859 791 1900 tutum
821 1856 1146 1899 amantissimus
1176 1867 1311 1910 remp.
1345 1867 1444 1898 cum
1475 1867 1581 1898 cura
1610 1853 1906 1906 administrat,
1937 1865 2133 1897 assesso-

649 1916 772 1960 ribus
802 1917 932 1959 utens
963 1914 1069 1958 viris
1102 1914 1461 1971 sapientissimis,
1493 1925 1677 1970 quorum
1706 1913 1912 1969 princeps
1950 1913 2133 1970 impera-

650 1975 758 2019 toris
795 1974 936 2032 gratia
965 1975 1175 2016 Domitius
1211 1973 1435 2029 Ulpianus,
1474 1973 1732 2016 scriniorum
1763 1972 1993 2030 magister,
2031 1985 2135 2016 mox

649 2033 897 2092 praefectus
943 2036 1096 2090 praet,
1144 2034 1424 2076 celeberrimus
1469 2033 1574 2075 iuris
1619 2033 1823 2084 conditor,
1869 2034 1961 2075 tum
2001 2032 2135 2074 Iulius

651 2094 847 2146 Paullus,
886 2091 1042 2146 ICtus,
1074 2093 1237 2136 Anton.
1269 2091 1539 2145 Gordianus,
1582 2090 1767 2135 Catilius
1800 2090 2012 2143 Severus,
2045 2091 2134 2134 alii.

649 2150 788 2206 (Vide
825 2151 1047 2208 Lamprid.
1086 2152 1164 2194 vit.
1203 2149 1271 2194 Al.
1312 2150 1412 2194 Sev.
1453 2150 1588 2202 extr.)
1656 2149 1803 2193 Pudor
1839 2150 1885 2192 in
1926 2149 2135 2206 palatium

652 2211 779 2264 redit,
802 2211 1039 2254 auctoritas
1061 2210 1235 2254 iudiciis
1263 2209 1522 2263 restituitur,
1554 2209 1788 2266 vectigalia
1807 2209 2133 2253 imminuuntur.

653 2269 913 2314 Christianis
946 2283 1045 2314 cum
1075 2269 1172 2326 ipse
1202 2270 1451 2326 imperator,
1481 2271 1574 2312 tum
1595 2269 1834 2311 Mammaea
1861 2268 1992 2322 favet,
2024 2281 2135 2325 quae

651 2329 895 2373 doctrinam
917 2327 1210 2373 Christianam
1242 2341 1298 2372 ex
1330 2329 1603 2372 sermonibus
1626 2327 1883 2371 Antiochiae
1915 2341 2014 2372 cum
2041 2328 2136 2371 Ori-

650 2391 747 2445 9ine
776 2389 937 2432 habitis
972 2389 1224 2445 percepisse
1260 2387 1457 2431 traditur.

196 2447 283 2493 223
347 2447 433 2492 976
525 2445 553 2490 2
617 2445 717 2491 Cos.
750 2447 800 2491 L.
821 2447 984 2491 Marius
1015 2447 1230 2490 Maximus
1259 2446 1521 2490 Aurelianus
1554 2445 1611 2499 II,
1642 2445 1693 2488 L.
1723 2445 1914 2489 Roscius
1945 2446 2134 2490 Paculus

649 2507 850 2563 Papirius
883 2505 1107 2550 Aelianus.

196 2565 284 2610 224
346 2565 431 2610 977
523 2565 551 2610 3
614 2564 714 2610 Cos.
755 2565 924 2622 Appius
972 2564 1181 2609 Claudius
1227 2563 1422 2607 Iulianus
1470 2563 1538 2617 ΙΙ,
1595 2563 1644 2607 L.
1685 2563 1883 2607 Bruttius
1931 2563 2133 2616 Quintius

653 2624 748 2668 Cris
781 2625 894 2668 inus.

197 2682 284 2730 225
345 2684 432 2729 978
521 2683 549 2727 4
611 2683 712 2728 Cos.
751 2638 820 2727 '‘l''i.
861 2682 1063 2726 Manilius
1102 2682 1275 2726 Fuscus
1322 2681 1364 2725 11
1404 2684 1448 2725 et
1487 2680 1581 2725 Ser.
1614 2679 1876 2738 Calpurnius
1916 2681 2134 2726 Domitius

656 2743 835 2786 Dexter.
867 2741 986 2795 (suff.
1018 2741 1068 2785 L.
1102 2741 1329 2798 Turpilius
1362 2741 1540 2794 Dexter,
1571 2740 1626 2783 M.
1658 2741 1850 2784 Maecius
1883 2740 2055 2790 Rufus).

197 2801 284 2846 226
345 2803 431 2847 979
523 2801 551 2846 5
613 2801 714 2845 Cos.
746 2801 853 2858 Imp.
884 2800 1134 2845 Alexandro
1166 2800 1329 2844 Severo
1366 2800 1432 2854 II,
1470 2799 1520 2843 L.
1556 2798 1728 2843 Aufidio
1760 2800 1964 2844 Marcello
2006 2801 2048 2843 11
2089 2801 2135 2844 in

651 2861 828 2905 Oriente
859 2861 1066 2916 imperium
1086 2860 1333 2903 Parthorum
1365 2869 1403 2902 et
1433 2875 1598 2916 reynum
1619 2860 1915 2902 Arsacidarum
1947 2875 1974 2902 a
1995 2860 2136 2902 Persis

654 2922 858 2963 evertitur.
919 2919 1070 2963 Novus
1101 2932 1181 2963 rex
1201 2919 1457 2962 Artaxerxes
1487 2918 1704 2971 (Ardshir)
1736 2918 1985 2962 Sassanides
2014 2918 2135 2972 (Sas-

656 2979 752 3022 sani
781 2976 861 3032 fil.)
892 2979 1009 3022 victo
1041 2982 1085 3023 et
1115 2979 1263 3022 occiso
1294 2977 1515 3022 Artabano
1555 2978 1608 3021 de
1639 2978 1921 3022 restituendis
1961 2979 2134 3035 pristini

653 3039 781 3095 regni
817 3037 1049 3082 Persarum
1086 3037 1246 3082 finibus
1286 3038 1462 3095 cogitat.
1532 3035 1743 3088 (Duravit
1779 3037 1860 3081 hoc
1907 3038 2134 3094 imperium

655 3109 753 3154 usq.
784 3097 839 3140 ad
869 3110 907 3140 a.
939 3097 1023 3142 651
1057 3110 1290 3154 regemque
1321 3095 1548 3153 Iezdegird
1578 3095 1807 3148 occisum.)

199 3156 285 3200 227
348 3155 437 3200 980
527 3155 554 3198 6
617 3155 934 3259 Οοεᾶἒοῦἰιιιιε
975 3159 1019 3201 et
1048 3157 1297 3207 Maximus.)
1359 3156 1572 3199 Thermae
1612 3155 1931 3212 Alexandrinae
1972 3156 2134 3199 Romae

653 3227 704 3258 ae
740 3215 750 3226 ⁶
810 3217 920 3259 atae.

201 3273 289 3318 228
350 3272 433 3319 981
530 3273 557 3318 7
621 3273 722 3318 Cos.
744 3273 942 3318 Modesto
973 3273 1016 3318 11
1047 3277 1092 3317 et
1121 3274 1263 3317 Probo
1294 3273 1456 3318 milites
1486 3276 1673 3331 praetor.
1705 3273 1868 3316 Romae
1898 3274 2137 3328 Ulpianum,

655 3333 816 3377 veteris
855 3333 1114 3390 disciplinae
1153 3335 1435 3386 assertorem,
1476 3346 1597 3386 cum,
1639 3333 1846 3376 Flaviano
1878 3336 1921 3376 et
1953 3331 2135 3376 Chresto

657 3391 768 3435 colle
818 3404 840 3436 s
885 3392 1091 3446 sublatis,
1138 3392 1258 3436 solus
1308 3395 1428 3437 esset
1464 3392 1733 3449 praefectus,
1781 3392 1969 3435 tumultu
2006 3391 2137 3446 facte,

655 3451 769 3495 truci
800 3454 889 3505 ant,
917 3451 1079 3495 frustra
1109 3451 1367 3497 defendente
1396 3452 1669 3508 imperatore.

202 3507 289 3553 229
351 3508 438 3553 982
530 3508 557 3553 8
619 3508 719 3553 Cos.
754 3509 862 3567 Imp.
894 3510 1020 3555 Alex.
1053 3510 1154 3554 Sev.
1190 3510 1266 3564 ΙΙΙ,
1305 3511 1351 3554 T.
1389 3511 1557 3554 Cassius
1587 3512 1673 3554 Dio
1706 3509 1769 3561 113
1825 3509 1902 3553 sed
1940 3509 2010 3554 hic
2042 3510 2135 3566 qui-

657 3569 776 3623 dem,
816 3569 983 3613 invisus
1015 3569 1226 3613 militibus
1266 3570 1320 3613 ob
1359 3570 1635 3626 disciplinam
1670 3569 1891 3624 legionum
1922 3568 2135 3612 Pannoni·
2189 3578 2195 3585 ·
