2392 4016
0 167 24 642 «fisa-u-a-Wm--v—w-
2 124 6 154 —-
7 111 10 116 .

822 255 1069 299 Graecam
1097 257 1277 298 fabulae.
1961 254 2011 301 11

1818 410 1848 433 ι.
1874 399 1947 433 Chr
1983 410 2014 431 n.

144 452 279 497 mices
300 452 541 504 Boeotiam,
571 462 683 507 quae
704 452 860 506 postea
888 450 1107 508 appellata
1125 451 1208 502 est,
1239 447 1450 492 incolunt.
1498 448 1689 503 Dryopes
1709 448 1765 492 ad

145 511 297 555 Oetam
327 514 517 556 montem
550 510 759 553 habitant.

85 571 288 626 Lapithes
318 573 363 614 et
394 571 633 622 Centaurus,
675 568 892 625 Apollinis
923 567 1016 621 filii,
1057 568 1103 611 in
1136 566 1367 611 Thessalia
1395 568 1595 622 regnant,
1639 564 1766 621 Lapi-

144 630 242 674 thes
274 630 393 674 circa
424 629 616 673 Peneum
646 641 830 681 amnem,
873 627 1116 671 Centaurus
1147 625 1204 670 ad
1234 628 1425 669 montem
1457 624 1622 668 Pelion.
1684 623 1767 667 La-

143 689 289 746 pithae
327 687 407 732 filii
443 688 638 732 Phorbas
677 690 722 731 et
752 687 982 744 Periphas,
1023 685 1298 744 Periphantis
1339 684 1368 728 f.
1411 684 1597 736 Antion,
1638 683 1765 727 huius

144 749 280 799 Ixion,
316 748 444 792 huius
477 760 501 791 e
532 747 616 791 Dia
645 747 881 800 Pirithous,
919 747 965 790 in
995 747 1120 790 cuius
1153 745 1318 803 nuptiis
1349 757 1449 789 cum
1478 742 1769 800 Hippodamia

147 806 352 852 Centauri
382 806 668 851 trucidantur.
770 854 772 856 ,

86 867 413 924 Myrmidonibus
440 867 487 910 in
518 866 663 910 insula
682 864 854 922 Aegina
884 865 1070 921 imperat
1098 864 1275 918 Aeaeus,
1306 863 1425 907 Iovis
1457 864 1502 907 et
1521 861 1716 918 Aeginae
1737 860 1767 905 f.

147 925 282 970 Cuius
313 925 392 981 filii
412 926 560 969 Peleus
581 928 626 969 et
652 925 856 978 Telamon,
889 925 1036 968 occiso
1058 923 1189 967 fratre
1212 924 1372 976 Phoco,
1404 922 1458 966 ab
1489 922 1600 966 irato
1622 922 1767 966 Aeaco

147 986 289 1029 eiecti.

86 1045 235 1088 Peleus
256 1044 457 1088 Phthiam
486 1043 602 1100 fugit
633 1043 688 1086 ad
709 1043 1006 1099 Eurytionem,
1037 1041 1212 1085 Actoris
1244 1040 1395 1093 filium,
1427 1041 1607 1097 eiusque
1634 1039 1769 1084 filiam

148 1117 246 1148 cum
277 1104 408 1148 tertia
435 1107 558 1161 parte
589 1104 716 1160 regni
745 1103 918 1159 accipit.
978 1102 1141 1146 Postea
1171 1101 1323 1145 Thetis
1354 1101 1396 1144 ei
1427 1112 1538 1145 uxor
1567 1100 1768 1155 contigit,

147 1176 203 1207 ex
233 1176 319 1220 qua
348 1165 478 1207 natus
511 1163 707 1206 Achilles.

95 1223 287 1267 Telamon
319 1222 583 1267 Salaminem
614 1222 669 1264 ad
700 1220 945 1277 Cychreum
976 1232 1023 1264 se
1055 1219 1244 1272 confert,
1283 1219 1500 1275 rebusque
1530 1231 1629 1262 cum
1661 1218 1770 1262 Her·

148 1281 244 1326 cule
276 1282 415 1342 gestis
445 1281 710 1325 inclarescit.
761 1280 898 1324 Filios
930 1280 1061 1324 habet
1091 1292 1115 1323 e
1148 1279 1360 1323 Periboea
1388 1279 1573 1331 Aiacem,
1605 1291 1662 1322 ex
1682 1278 1769 1323 He·

149 1342 286 1395 sione,
318 1340 627 1385 Laomedontis
657 1339 703 1393 f„
739 1340 947 1384 Teucrum.

88 1429 364 1472 ATTIGAE
391 1431 532 1472 terrae
563 1440 691 1484 reges
722 1426 952 1471 traduntur
981 1425 1119 1470 fuisse
1150 1426 1356 1479 Actaeus,
1399 1426 1593 1481 Cecrops,
1637 1437 1772 1482 gener

155 1489 324 1540 Actaei,
356 1488 574 1535 incruenti
594 1487 772 1531 deorum
793 1487 937 1531 cultus
959 1490 1123 1539 auctor,
1146 1485 1384 1542 Cecropiae
1405 1485 1617 1538 conditor,
1643 1498 1771 1542 quem

61 1596 74 1603 ,
149 1548 224 1591 alii
256 1547 407 1592 Saiten
440 1559 496 1591 ex
526 1546 732 1604 Aegypto
760 1545 1030 1590 tradiderunt
1059 1546 1333 1603 immigrasse
1826 1543 1992 1598 (1559)

150 1606 277 1660 dein,
317 1619 415 1649 cum
448 1604 639 1662 Cecrops
670 1605 808 1648 filium
839 1617 926 1648 non
954 1605 1207 1661 reliquisset
1242 1603 1379 1656 (filias
1410 1606 1553 1647 autem
1586 1604 1770 1657 Hersen,

148 1665 386 1723 Aglauron,
417 1664 702 1718 Pandroson)‚
739 1665 927 1708 Cranaus
946 1664 1166 1722 indigena,
1198 1665 1480 1720 Amphictyon,
1501 1663 1770 1708 Erechtheus

148 1725 243 1774 sive
269 1725 588 1777 Erichthonius,
627 1723 820 1781 Neptuni
858 1727 903 1768 et
934 1723 1094 1768 Terrae
1134 1726 1209 1768 aut
1238 1723 1456 1767 Minervae
1494 1721 1634 1785 filius,
1676 1735 1772 1766 cur·

149 1796 275 1828 ruum
305 1785 518 1842 inventor.
581 1783 769 1827 Pandion
799 1784 839 1836 I,
870 1783 1064 1827 Erichth.
1096 1782 1125 1826 f.
1157 1783 1299 1840 (pater
1329 1782 1521 1826 Procnes
1554 1785 1598 1826 et
1628 1781 1772 1826 Philo-

150 1842 327 1895 melae).
394 1843 650 1886 Erechtheus
680 1842 751 1894 (et
779 1842 965 1896 Butes),
1007 1842 1242 1886 Pandionis
1271 1841 1318 1895 f.,
1358 1841 1440 1885 sub
1481 1841 1605 1885 cuius
1636 1853 1772 1899 regno

150 1902 367 1946 frumenta
394 1903 441 1946 iu
463 1901 661 1945 Atticam
702 1902 877 1945 invecta
906 1902 960 1951 (a
990 1900 1271 1958 Tlepolemo)
1309 1899 1558 1952 traduntur,
1598 1900 1772 1944 Eumol·

150 1974 234 2019 pus
255 1974 354 2005 cum
377 1961 620 2005 Thracibus
642 1961 893 2005 Eleusinem
914 1961 1047 2004 veuit.
1093 1960 1231 2004 Filiae
1254 1961 1348 2003 eius
1372 1960 1559 2012 Procris,
1593 1958 1772 2015 Creusa,

153 2019 382 2075 Chthonia,
414 2021 626 2076 Orithyia,
656 2018 737 2063 filii
769 2018 975 2077 Cecrops,
1020 2019 1244 2063 Pandoros
1275 2018 1291 2072 (
1332 2030 1429 2062 uem
1461 2018 1658 2063 nonnulli
1689 2019 1773 2063 Eu·

151 2080 308 2124 boeam
339 2091 579 2136 occupasse
610 2078 791 2132 dicunt),
823 2079 985 2122 Metion
1016 2078 1161 2130 (cuius
1188 2078 1304 2123 filius
1365 2078 1603 2136 upalamus,
1638 2090 1773 2134 nepos

153 2138 406 2192 Daedalus),
438 2137 621 2192 Orneus,
652 2139 777 2184 cuius
800 2138 956 2182 Peteos
987 2138 1118 2192 filius,
1149 2149 1286 2195 nepos
1306 2137 1597 2182 Menestheus».
1651 2138 1774 2181 Creu·

152 2214 238 2240 sam
259 2198 440 2250 Xuthus‚
475 2197 670 2242 Hellenis
702 2196 746 2250 f„
778 2197 914 2250 ducit,
947 2199 991 2241 et
1022 2196 1137 2241 filios
1170 2197 1302 2240 habet
1318 2197 1453 2240 Ionem
1486 2200 1531 2240 et
1551 2197 1772 2241 Achaeum.

153 2256 211 2300 Hi
242 2260 365 2314 patre
395 2269 561 2315 avoque
594 2259 787 2301 materno
820 2258 1002 2301 mortuis
1035 2257 1281 2310 eiiciuntur‚
1313 2256 1393 2300 sed
1424 2256 1503 2300 Ion
1534 2261 1689 2314 postea
1719 2270 1775 2300 ex

153 2315 455 2373 Peloponneso
477 2316 642 2360 auxilio
663 2318 844 2387 vocatus
868 2315 1078 2360 adversus
1101 2315 1349 2359 Eleusinios
1371 2315 1498 2360 redit.
1536 2315 1708 2372 Cecrops
1724 2316 1783 2359 II

151 2377 464 2491 ffggltgmpzzt
482 2374 1091 2505 cgffiffiitffliilgcgg'ugwssglis’
1105 2375 1439 2492 Pyllightieslegfsss
1454 2375 1776 2492 ρῖοὲξεξειιῖιίιῐιῒὲ

153 2505 206 2537 ea
226 2494 434 2596 Δοῖοιιω,
467 2492 600 2548 (hunc
633 2497 778 2539 autem
809 2494 884 2538 alli
915 2494 1160 2540 subiectum
1192 2493 1376 2547 dicunt,)
1409 2493 1668 2548 Pallantem,
1701 2494 1775 2541 Ni-

154 2564 264 2607 sum,
316 2565 476 2610 vycum.

24 2646 31 2654 .
93 2611 257 2668 Aeyeus
285 2622 467 2669 regnum
499 2610 690 2658 Atticum
721 2614 950 2671 recuperat
980 2614 1024 2655 et
1055 2624 1154 2655 cum
1185 2611 1391 2656 fratribus
1423 2612 1727 2656 communicat.

99 2670 296 2723 Theseus,
335 2671 472 2729 Aegei
503 2670 563 2715 fil.
604 2684 659 2716 ex
689 2670 875 2725 Aethra,
917 2670 1077 2715 Pitthei
1115 2671 1233 2727 regis
1266 2669 1496 2715 Troezenii
1526 2669 1639 2723 nna,
1679 2671 1775 2716 Pal-

151 2729 410 2775 lantidarum
441 2729 628 2775 factione
661 2730 800 2783 victa,
842 2730 1011 2776 Atticos
1055 2731 1099 2773 in
1132 2742 1262 2773 unam
1295 2729 1443 2774 urbem
1476 2730 1702 2787 coniungit
1731 2733 1776 2776 et

154 2788 460 2833 Panathenaea
489 2789 735 2833 communia
763 2789 968 2843 instituit,
1000 2788 1290 2833 Athenienses
1322 2789 1485 2835 tributo
1518 2788 1690 2835 Cretico
1723 2790 1772 2835 li-

156 2848 293 2901 berat,
324 2847 567 2891 Amazones
599 2847 734 2891 vincit
1833 2850 1997 2903 (1240)

43 2922 46 2926 ·
101 2905 273 2951 Theseo
306 2906 485 2951 absente
515 2909 635 2957 (mox
667 2907 924 2965 interempto
958 2919 984 2949 a
1013 2905 1259 2967 Lycomede
1291 2919 1394 2964 rege
1426 2906 1555 2967 Scyri
1586 2907 1773 2961 Insulae)

154 2966 411 3008 Menestheus
439 2977 516 3008 rex
547 2964 598 3009 fit
1833 2968 1998 3022 (1207)

156 3025 230 3080 qui
259 3024 597 3070 Atheniensibus
627 3023 682 3069 ad
714 3024 886 3069 Troiam
926 3027 1122 3083 praeest,
1164 3037 1274 3084 quae
1306 3025 1409 3070 urbs
1441 3024 1512 3070 23.
1537 3026 1777 3073 Menesthei

155 3095 268 3126 anno
298 3083 468 3141 capitur
1829 3085 1998 3143 (1184)

98 3139 565 3245 Dssss’pssssss’oeffma
595 3140 641 3196 t,
686 3144 863 3205 regnat,
904 3144 949 3187 et
981 3143 1075 3191 eins
1106 3143 1273 3200 posteri
1303 3142 1523 3205 oxyntes,
1563 3143 1773 3204 Aphidas,

99 3212 337 3301 Helon'thus
366 3232 477 3302 nnus
518 3270 572 3302 ex
602 3255 772 3310 Nellffls
809 3270 834 3304 e
864 3258 1081 3307 nassonia
1121 3259 1272 3320 pulsus
1313 3260 1367 3308 ab
1400 3260 1668 3317 Heraclidls,
1710 3274 1775 3308 re·

158 3330 288 3372 gnum
323 3316 589 3378 Thymoetae
620 3316 811 3371 ablatum
836 3321 976 3369 meret
1832 3321 2013 3375 (1100).

100 3374 391 3479 Culiiigzsffliluss
428 3373 603 3431 Codrus,
642 3374 820 3421 ultimus
850 3377 1007 3421 Athen.
1038 3389 1138 3431 rex,
1177 3378 1291 3435 perit
1328 3378 1373 3422 lu
1411 3377 1526 3427 hello
1557 3392 1654 3423 cum
1687 3378 1773 3424 Do-
1832 3438 1998 3493 (1068)

104 3523 423 3567 COLONIAE
450 3522 664 3580 quaeda-
704 3536 759 3568 οι
789 3522 899 3568 Aah
929 3526 978 3568 et
1105 3527 1213 3581 ypto
1249 3525 1294 3570 ln
1326 3524 1554 3571 Graeciam
1587 3526 1777 3579 venisse,

50 3646 53 3651 1
115 3601 121 3627 ¹.
146 3583 314 3629 tentum
346 3582 647 3627 nonnuli-num
670 3583 967 3640 coguitionem
986 3588 1051 3628 att
1161 3596 1201 3638 e,
1230 3596 1368 3643 regna
1384 3589 1432 3630 et
1450 3586 1652 3630 civitates
1673 3597 1776 3635 cou-

160 3641 324 3688 didisse
355 3642 595 3689 traduntur.
