2392 4016
573 205 625 244 ab
657 216 762 244 anno
792 216 833 255 p.
855 202 950 244 Chr.
982 205 1070 245 8⁴2
1098 215 1226 255 usqne
1255 205 1308 245 ad
1339 216 1490 246 annum
1513 206 1612 247 857.
1975 207 2059 252 183

129 358 166 390 p.
184 348 224 381 C.
301 359 333 382 u.
351 359 382 382 c.
449 351 497 383 im
523 371 536 385 0

497 359 522 392 Ρ
611 394 715 447 tius,
746 394 848 439 dum
869 395 1081 440 eunuchis
1112 395 1221 448 suis,
1250 394 1311 439 im
1342 394 1464 439 rimis
1485 394 1692 450 Eusebio,
1722 397 1914 442 cubiculi
1935 411 2057 455 prae·

612 453 771 510 posito,
803 454 1075 511 publicarum
1104 466 1247 499 rerum
1277 406 1695 499 agninistrationem
1718 457 1942 512 permittit,
1976 456 2057 501 cv

612 512 871 557 tholicorum
891 517 937 558 et
956 513 1230 567 Arianornm,
1260 524 1443 570 qnorum
1464 513 1742 570 opinionibus
1773 516 1868 571 ipse
1897 515 2057 560 favisse

610 570 817 626 traditur,
858 572 1158 618 dissensiones
1189 583 1287 617 com
1347 584 1450 616 nere
1481 571 1642 616 studet.
1703 573 1887 630 Templa
1917 576 2056 631 genti·

14 665 18 677 ,
611 630 715 675 lium
747 631 908 688 ubique
938 631 1084 676 claudi
1113 631 1236 676 iubet
1322 630 1448 675 heod.
1480 630 1576 675 cod.
1610 630 1680 684 16,
1715 632 1783 684 10,
1814 630 1876 685 4.)

13 687 19 739 ἑ
126 690 214 736 354
278 690 391 735 1107
455 687 509 734 18
571 688 828 735 Constantio
857 689 972 747 Aug.
995 690 1080 734 VII
1112 692 1158 734 et
1181 688 1439 734 Constantio
1461 688 1588 734 Caes.
1610 689 1675 733 111
1708 702 1798 733 cos.
1823 691 2060 747 Imperator

16 764 17 769 ¹
613 749 702 793 icto
733 749 908 794 foedere
939 761 1038 794 cum
1057 747 1312 792 Alemannis
1332 748 1568 792 Mediolani
1598 749 1816 802 consistit,
1847 762 1931 806 quo
1958 750 2059 794 Gal·

12 782 18 855 ἶ
613 809 693 851 lum
718 807 965 861 Caesarem,
995 807 1072 863 qui
1103 806 1234 863 paulo
1264 806 1455 850 ferocius
1485 809 1681 864 tempore
1713 808 1942 852 seditionis
1973 809 2060 853 An·

12 902 17 915 ,
611 866 801 911 tiochiae
839 878 888 910 se
928 868 1148 923 gesserat,
1186 865 1243 909 ad
1282 878 1331 909 se
1370 866 1576 920 arcessit,
1615 866 1694 910 sed
1725 880 1844 920 eum,
1885 881 1983 911 cum
2015 869 2061 912 in

13 940 14 945 ¹
327 967 329 969 ,
610 925 767 970 itinere
790 923 1080 970 Constantina
1098 924 1378 977 decessisset,
1409 925 1542 969 Polae
1570 925 1618 969 in
1638 925 1768 969 Istria
1787 928 1918 969 occidi
1939 929 2059 971 iubet.

12 961 17 1037 Ῐ
189 1011 193 1015 -
612 983 809 1029 Similem
829 986 992 1028 sortem
1013 985 1215 1039 Iulianus,
1249 984 1367 1028 illius
1398 983 1544 1036 frater,
1574 984 1835 1042 deprecante
1857 986 2060 1039 Eusebia,

11 1046 16 1108 ᾗ
466 1098 469 1100 q
616 1042 767 1088 Gonst.
811 1055 978 1096 uxore,
1009 1055 1141 1100 aegre
1187 1042 1423 1100 effugiens,
1462 1044 1649 1087 ΔεΙιαιω
1686 1057 1724 1087 a.
1773 1045 1910 1102 inseq.
1952 1048 2060 1088 tam-

11 1120 15 1134 ·
613 1115 742 1159 quam
771 1103 818 1146 in
850 1102 1030 1146 exilium
1061 1102 1261 1155 mittitur,
1292 1102 1390 1159 ipso
1422 1103 1609 1146 maxime
1631 1103 1803 1146 volente
1834 1117 1883 1147 ac
1918 1104 2059 1160 philo-

613 1162 847 1218 sophorum
868 1161 1184 1206 consuetudine
1215 1173 1264 1206 se
1293 1160 1554 1205 delectante.
1614 1162 1833 1206 Himerius
1865 1162 2063 1219 sophista

610 1221 674 1265 ibi
712 1220 842 1265 docet
877 1220 1093 1277 habetque
1130 1220 1373 1277 discipulos
1421 1223 1466 1265 et
1503 1220 1718 1264 Iulianum
1765 1224 1810 1264 et
1851 1221 2061 1266 Basiliam

610 1279 1026 1324 Neocaesarensem.

128 1341 216 1386 355
279 1339 394 1386 1108
461 1340 516 1384 19
577 1338 680 1383 Cos.
699 1338 936 1383 Arbetione
967 1342 1014 1382 et
1044 1337 1094 1391 Q.
1124 1337 1278 1382 Flavio
1308 1337 1475 1381 Maecio
1507 1337 1695 1394 Egnatio
1727 1338 1926 1381 Lolliano
1958 1338 2060 1382 dum

610 1399 714 1454 imp.
735 1397 970 1442 Mediolani
998 1399 1312 1450 commoratur,
1342 1397 1551 1453 Sylvanue
1579 1397 1626 1440 in
1656 1397 1827 1440 colonia
1858 1396 2061 1454 Agrippi-

610 1457 739 1500 nensi
778 1455 946 1500 Galliae
992 1456 1180 1512 repulsis
1222 1455 1452 1500 Germanis
1501 1456 1755 1499 nobilitatus
1769 1488 1780 1508 ,
1828 1469 2061 1512 purpuram

610 1515 766 1560 sumit:
799 1515 879 1559 sed
909 1515 964 1559 ab
986 1514 1190 1559 Ursicino
1221 1517 1324 1570 post
1353 1513 1411 1558 28
1443 1514 1537 1558 dies
1570 1514 1841 1570 opprimitur.
1903 1515 1969 1558 Ea
1998 1518 2062 1558 ta-

608 1587 707 1627 men
730 1574 1054 1631 opportunitate
1076 1572 1472 1617 IulianusAthenis
1492 1576 1735 1626 revocatur,
1768 1576 1813 1616 et
1842 1572 1978 1626 (Nov.
2001 1573 2061 1624 6.)

612 1633 763 1677 Caesar
790 1635 1040 1686 declaratur,
1070 1632 1370 1688 Helenamque
1393 1631 1640 1676 Constantii
1672 1645 1862 1676 sororem
1896 1634 1941 1675 in
1972 1646 2061 1676 ma·

606 1693 858 1738 trimonium
905 1692 1065 1736 ducere
1102 1692 1289 1735 iubetur.
1367 1691 1474 1734 Inde
1517 1692 1668 1734 statim
1711 1691 1866 1734 Galliis
1909 1691 2062 1747 praefi-

608 1753 735 1795 citur.
797 1752 850 1794 In
880 1752 1050 1794 concilio
1080 1751 1383 1795 Mediolanensi
1411 1749 1677 1793 Athanasius
1720 1750 1884 1802 denuo,
1924 1750 2058 1806 impe-

608 1814 751 1854 ratore
789 1809 905 1853 haud
945 1809 1074 1853 dubie
1113 1809 1313 1862 iubente,
1344 1808 1593 1861 damnatur,
1636 1811 1681 1852 et
1717 1810 1791 1864 qui
1827 1809 2059 1853 defendere

610 1882 709 1913 eum
740 1869 837 1913 ausi
867 1871 1032 1922 essent,
1063 1868 1315 1925 puniuntur.
1369 1867 1636 1911 Themistius
1669 1871 1847 1924 propter
1898 1868 2059 1912 hiloso·

610 1928 738 1985 phiae
769 1932 815 1972 et
853 1927 1125 1984 elequentiae
1165 1926 1338 1971 laudem
1370 1925 1464 1971 Gal.
1496 1926 1619 1983 Sept.
1652 1930 1827 1970 senator
1896 1930 1915 1970 t
1947 1926 2061 1971 Con·

610 1987 800 2031 stantino
833 1987 906 2031 oli.

125 2048 214 2093 356
278 2048 392 2092 1109
454 2047 513 2093 20
574 2000 859 2092 Constantigs
879 2045 992 2102 Aug.
1025 2056 1116 2089 cos.
1138 2043 1245 2090 VIII
1276 2055 1376 2089 cum
1405 2042 1575 2087 Iuliano
1605 2042 1793 2087 Caesare
1825 2043 2058 2087 Mediolani

613 2118 756 2208 ³3⁹⁰J⁸t
785 2103 1018 2217 (s'ffirifigia
1029 2103 1293 2206 ogulltgsqtae
1308 2102 1668 2215 6s)imulacrorum
1714 2103 1871 2159 capitis
1918 2115 2060 2159 poena

613 2177 738 2209 sanci
883 2176 936 2208 eo
969 2196 980 2207 .
1003 2175 1026 2206 c
1088 2195 1099 2206 .
1339 2193 1349 2204 .

669 2222 934 2267 Athanasius
972 2221 1159 2265 militum
1180 2194 1328 2264 ’armis
1358 2218 1625 2264 Alexandria
1663 2220 1835 2264 eiicitur
1876 2218 2061 2273 (ferales

610 2283 727 2327 enim
766 2281 1113 2326 Christianorum
1149 2281 1263 2324 inter
1303 2292 1351 2324 se
1388 2279 1641 2323 inimicitias
1691 2279 1827 2322 fuisse
1866 2279 2062 2323 eiusdem

611 2341 768 2386 aetatis
800 2341 988 2397 scriptor
1011 2339 1334 2384 eruditissimus
1354 2338 1594 2382 Ammianus
1614 2338 1885 2381 Marcellinus.
1916 2338 2063 2391 tradit,

611 2401 687 2445 lib.
710 2399 782 2454 22,
813 2399 884 2453 5),
917 2399 996 2444 sed
1036 2399 1083 2443 in
1114 2398 1288 2442 deserta
1316 2396 1511 2454 Aegypti
1541 2409 1589 2440 se
1620 2398 1838 2453 recipiens
1870 2410 1897 2439 a
1926 2413 2062 2440 mona-

612 2461 725 2512 chis,
765 2458 1017 2502 fortissimis
1047 2457 1237 2514 partium
1268 2455 1688 2512 propugnatoribus,
1729 2456 1885 2512 cupide
1917 2455 2063 2499 defen-

614 2518 743 2563 ditur.
807 2517 1028 2569 (Mortuus
1058 2518 1128 2560 est
1157 2514 1256 2559 eod.
1286 2525 1400 2559 anno
1435 2512 1519 2559 105
1553 2527 1591 2556 a.
1624 2517 1751 2557 natus
1773 2514 1821 2557 S.
1846 2515 2060 2567 Antonius,

614 2577 881 2622 monasticae
912 2576 1027 2619 vitae
1058 2573 1367 2619 celeberrimus
1398 2575 1572 2626 auctor,
1612 2585 1740 2629 quam
1780 2586 1857 2630 per
1889 2576 2063 2630 septua-

615 2637 739 2693 ginta
758 2647 896 2679 annos
918 2637 963 2679 et
992 2633 1239 2691 praeceptis
1261 2634 1308 2676 et
1325 2630 1528 2688 exemplo
1549 2630 1769 2676 docuerat.
1823 2631 1916 2675 Hoc
1940 2645 2062 2688 prae·

613 2697 789 2752 ceptore
820 2706 927 2738 usus
948 2693 1193 2737 Pachomius
1221 2691 1341 2735 circa
1369 2704 1408 2734 a.
1429 2690 1520 2736 330
1549 2690 1595 2735 in
1615 2691 1838 2747 superiore
1859 2690 2063 2748 Aegypto

527 2783 530 2787 ·
613 2753 827 2798 coenobia
856 2753 950 2797 sive
980 2751 1173 2796 claustra
1200 2750 1430 2795 instituere
1460 2751 1687 2806 coeperat,
1726 2750 1771 2792 in
1802 2750 1960 2806 quibus
1993 2762 2060 2793 se·

615 2826 718 2857 vera
749 2810 984 2868 disciplina
1012 2810 1235 2855 coniuncti
1266 2807 1468 2853 monachi
1495 2806 1726 2861 viverent.)

674 2871 846 2916 Interea
875 2870 1070 2915 Iulianus
1111 2881 1211 2913 cum
1241 2867 1517 2920 Alemannis,
1555 2868 1842 2924 propinquam
1876 2866 2061 2910 Galliam

616 2929 995 2987 depopulantibus,
1026 2927 1211 2972 feliciter
1241 2926 1403 2971 bellum
1434 2926 1572 2982 gerit3
1610 2926 1750 2969 hieme
1781 2926 1876 2982 ipse
1907 2926 1952 2968 in
1985 2925 2063 2970 Se-

615 3001 778 3033 nonum
809 2987 969 3045 oppido
1001 2985 1169 3040 (Sens)
1202 2984 1446 3037 obsidetur,
1477 2986 1523 3030 et
1552 2984 1752 3029 desertus
1785 2998 1812 3028 a
1840 2984 2060 3037 Marcello,

616 3060 731 3106 mag.
754 3047 887 3104 equit.
917 3045 1096 3103 <quippe
1126 3045 1203 3102 qui
1233 3057 1282 3089 se
1311 3046 1500 3087 mentem
1530 3042 1770 3113 aulicorum
1802 3043 1936 3099 probe
1966 3055 2063 3099 per-

133 3172 218 3218 357
286 3172 400 3216 1110
460 3170 515 3214 21
580 3107 836 3212 sggexisubmse
836 3102 1895 3220 tffiffigkguffiomtqssem’pofflaetfflmms
1928 3171 2062 3216 prope

619 3223 880 3282 Lugdunum
926 3224 972 3268 in
1020 3222 1166 3279 fugam
1212 3220 1373 3273 versis,
1417 3219 1683 3264 Alamannos
1729 3232 1827 3262 cum
1867 3218 2062 3262 exercitu

621 3284 752 3340 longe
788 3282 954 3327 minore
991 3294 1127 3339 prope
1158 3278 1495 3337 Argentoratum
1525 3278 1735 3331 devincit,
1783 3282 1827 3321 et
1867 3277 2064 3320 Rhenum

621 3346 940 3399 transgressus,
970 3340 1152 3386 vastatis
1193 3338 1384 3383 hostium
1497 3338 1506 3349 ‘
1536 3369 1547 3391 ‚
1579 3337 1775 3381 inducias
1813 3336 2063 3393 petentibus

620 3401 706 3446 dat.
766 3400 873 3447 Inde
893 3399 1087 3445 Francos
1118 3398 1174 3444 ad
1192 3398 1359 3444 Mosam
1389 3409 1411 3441 s
1470 3400 1593 3442 entes
1625 3395 1889 3454 aggreditur.
1951 3394 2063 3439 Cou-

619 3460 806 3506 stantius
835 3459 910 3511 (h.
939 3474 981 3503 a.
1015 3458 1106 3502 Coc.
1133 3457 1213 3502 IX
1244 3471 1332 3501 cun
1360 3456 1525 3501 Iuliam
1560 3457 1736 3499 Caesare
1767 3454 1851 3506 11)
1883 3453 2064 3498 Romam

621 3519 738 3572 visit,
770 3522 816 3563 et
835 3518 1000 3565 circum
1022 3516 1215 3563 obelisco
1237 3528 1293 3560 ex
1310 3514 1516 3572 Aegypto
1535 3514 1718 3559 advecto
1749 3513 1892 3558 ornari
1923 3513 2061 3557 iubet:

621 3578 806 3635 magiam
847 3576 1154 3633 divinandique
1192 3577 1326 3620 artem
1366 3573 1522 3631 capitis
1553 3586 1694 3631 poena
1731 3572 1895 3617 sanciti
1944 3572 2063 3615 urbis
