2392 4016
379 166 433 210 16
1083 163 1301 215 Imperium
1332 162 1592 204 Graecorum.

437 369 568 396 cessor
599 357 777 403 Eteocli,
819 357 940 395 armis
968 361 1134 407 potens,
1177 358 1322 407 populi
1352 357 1624 407 Phlegyan-um
1656 360 1817 406 auctor,
1859 357 1928 406 qui
1960 368 2051 396 cum
2100 321 2129 344 ⁸·
2155 312 2239 345 Chr.
2263 321 2299 345 n,

434 417 590 454 vicinos
621 417 777 454 iniuriis
808 422 1040 465 vexassent,
1073 418 1124 455 ab
1157 418 1349 466 Apolline
1380 418 1549 456 extincti
1581 421 1687 455 sunt.

377 476 550 526 Chryses
582 480 622 514 et
642 476 819 524 Neptuni
853 476 879 513 f.
916 477 1083 526 Minyas,
1117 478 1186 525 qui
1221 478 1332 526 genti
1362 488 1508 515 nomen
1541 477 1700 514 dedisse
1729 476 1950 524 urbemque
1977 473 2053 514 Or-

437 537 660 573 chomenon
691 535 920 573 condidisse
951 538 1260 584 thesaurumque
1293 538 1486 574 struxisse
1517 536 1655 574 fertur.

378 594 475 632 Post
504 593 668 643 Minyae
699 595 863 642 eiusque
895 595 968 632 filii
1000 601 1166 634 mortem
1198 607 1363 644 regnum
1397 595 1560 633 devenit
1590 595 1643 632 ad
1675 592 1905 644 Clymenum,
1939 593 2054 631 Pres-

436 654 555 691 bonis
587 655 615 691 f.
649 652 801 704 Phryxi
833 659 1035 703 nepotem.

379 710 562 762 Clymeni
596 714 624 750 f.
657 713 853 762 Erginus,
895 714 957 751 cui
991 713 1176 752 Thebani
1217 713 1413 751 tributum
1453 713 1652 761 pendunt,
1694 712 1821 749 donec
1853 723 1921 749 eos
1951 710 2053 749 Her-

439 772 560 818 cules,
594 773 804 810 interfecto
836 770 986 822 Ergino
1020 778 1260 820 vastataque
1293 771 1560 818 Orchomeno,
1593 771 1796 809 liberavit.

378 830 520 880 Ergini
553 831 624 868 filii
663 831 905 879 Trophonius
937 836 978 869 et
1008 832 1223 881 Aqamedes
1253 832 1448 882 templum
1469 830 1674 880 Apollinis
1695 830 1884 879 Delphici
1913 829 2050 878 lapide

438 891 636 938 quadrato
667 892 897 929 extruxisse
928 891 1153 929 traduntur.
1376 885 1378 887 ¹

379 947 659 988 Orchomeniis
687 951 727 987 in
761 950 870 987 bello
903 951 1076 988 Troiano
1110 954 1302 999 praesunt
1323 948 1570 998 Ascalaphus
1601 954 1642 987 et
1663 948 1873 995 Ialmenus,
1907 947 2050 986 Martis

438 1014 477 1047 et
507 1008 733 1059 Astyoches
764 1009 849 1055 filii,
885 1021 988 1057 quae
1019 1011 1151 1058 neptis
1180 1010 1293 1057 Azei,
1326 1010 1461 1048 fratris
1491 1009 1647 1058 Ergini,
1680 1009 1771 1046 fuit.

377 1125 706 1179 Aryonautorum
741 1124 833 1174 (54)
868 1126 1084 1179 navigatio
1115 1126 1160 1167 in
1193 1126 1376 1168 Pontum
1416 1137 1555 1180 usque
1589 1124 1642 1166 ad
1669 1124 1827 1167 Phasin
1857 1123 2051 1176 fluvium,

438 1185 610 1226 velleris
644 1185 762 1226 aurei
796 1197 940 1236 causa,
975 1186 1037 1226 uti
1070 1186 1224 1240 poetae
1256 1184 1546 1235 tradiderunt,
1588 1187 1792 1239 suscepta
1823 1196 1849 1225 a
1878 1184 2051 1238 Minyis,

436 1242 590 1285 Iasone
623 1243 730 1285 duce
1932 1242 2047 1284 Erat.
2108 1237 2277 1291 (1225)

379 1301 507 1354 (Inter
538 1315 606 1356 eos
638 1302 774 1340 Calais
805 1306 845 1340 et
875 1302 1004 1350 Zetes,
1037 1297 1191 1341 Boreae
1222 1307 1262 1341 et
1291 1301 1503 1352 Orithyiae
1534 1301 1619 1350 filii,
1653 1299 1797 1339 Castor
1827 1306 1868 1339 et
1887 1301 2052 1350 Pollux,

437 1363 581 1401 Peleus
612 1369 652 1400 et
683 1357 890 1409 Telamon,
923 1362 1132 1410 Admetus,
1175 1362 1372 1412 Lynceus,
1406 1362 1623 1411 Meleager,
1665 1360 1863 1409 Orpheus,
1898 1360 2052 1409 Oileus,

436 1421 645 1460 Hercules.
709 1421 789 1460 Sed
828 1421 899 1460 alii
938 1423 1154 1471 scriptores
1194 1424 1407 1460 nominant
1436 1421 1559 1468 alios,
1600 1422 1694 1458 dum
1728 1433 1886 1458 omnem
1917 1422 2056 1460 florem

439 1480 617 1519 Graecae
654 1481 888 1519 iuventutis*
917 1493 1158 1531 congregare
1199 1482 1355 1519 volunt.
1425 1481 1556 1530 Argus
1592 1479 1688 1531 (qui
1721 1480 1865 1518 Phrixi
1906 1481 1962 1518 fil.
2002 1481 2053 1518 ab

436 1541 687 1588 Apollodoro
707 1539 900 1650 >dicitur)
942 1553 1088 1585 navem
1128 1542 1384 1588 aedificarat,
1432 1541 1586 1589 Tiphys
1626 1552 1650 1577 a
1687 1539 1851 1588 Lynceo
1890 1541 2055 1578 adiutus

437 1600 704 1649 gubernabat.

378 1717 589 1769 Hercules,
629 1729 845 1772 pronepos
878 1717 1039 1768 Persei,
1080 1730 1215 1773 regno
1255 1717 1368 1759 avito
1411 1716 1617 1772 privatus,
1657 1716 1841 1771 primum
1874 1716 2051 1769 Thebis,
2114 1721 2278 1772 (1260)

437 1777 511 1819 ubi
542 1779 667 1819 natus
699 1776 794 1827 fuit,
827 1776 982 1818 deinde
1014 1777 1223 1832 Mycenis,
1257 1777 1356 1819 dum
1389 1775 1632 1830 Eurystheo
1663 1778 1798 1830 paret,
1830 1778 1874 1818 et
1909 1775 1960 1818 12
1994 1776 2053 1817 la·
2113 1780 2278 1831 (1240)

436 1836 564 1878 bores
588 1837 640 1878 ab
664 1836 738 1877 illo
759 1835 984 1878 mandatos
1016 1837 1257 1891 exequitur,
1290 1839 1379 1877 tum
1404 1835 1566 1877 Phenei
1586 1835 1631 1876 in
1654 1834 1852 1887 Arcadia,
1885 1838 2052 1890 postre-

436 1908 552 1937 mum
584 1895 798 1936 Trachine
831 1894 978 1937 sedem
1022 1893 1289 1937 fortunarum
1329 1894 1470 1946 habet,
1515 1893 1741 1936 Graeciam
1770 1893 1884 1936 fama
1910 1907 2053 1936 rerum

437 1958 657 2010 gestarum
688 1954 853 2009 implet,
885 1954 1341 2009 immortalitatemque
1372 1954 1588 1996 aerumnis
1621 1951 1829 2007 mereturi
2112 1957 2276 2008 (1208)

717 2058 890 2096 Ausonii
921 2060 1176 2097 monosticha
1207 2060 1255 2096 de
1287 2058 1490 2096 aerumnis
1521 2057 1720 2096 Herculis.

628 2145 764 2183 Prima
799 2145 981 2184 Cleonaei
1011 2148 1181 2185 tolerata
1213 2160 1404 2185 aerumna
1437 2147 1572 2184 leonis.

628 2204 821 2243 Proxima
855 2206 1072 2242 Lernaeam
1102 2208 1206 2244 ferro
1239 2212 1279 2244 et
1309 2208 1398 2244 face
1430 2206 1615 2243 contudit
1645 2205 1824 2254 hydram.

627 2263 727 2302 Mox
759 2264 1068 2314 Erymantheum
1099 2267 1160 2303 vis
1191 2266 1311 2303 tertia
1343 2265 1517 2314 perculit
1547 2276 1702 2312 aprum.

628 2323 841 2371 Aeripedis
871 2328 1015 2371 quarto
1048 2325 1145 2362 tulit
1174 2337 1297 2362 aurea
1329 2337 1478 2363 cornua
1510 2325 1626 2361 cervi.

629 2382 926 2432 Stymphalidas
957 2384 1117 2432 pepulit
1145 2383 1326 2421 volucres
1358 2384 1587 2422 discrimine
1618 2383 1772 2431 quinto.

629 2441 854 2479 Threiciam
888 2447 1003 2480 sexto
1036 2444 1231 2492 spoliavit
1262 2445 1460 2481 Amazona
1490 2442 1641 2480 balteo.

630 2499 812 2549 Septima
843 2502 885 2538 in
916 2503 1060 2551 Auyeis
1091 2501 1261 2540 stabulis
1291 2503 1474 2551 impensa
1502 2502 1671 2540 laboris.

631 2559 788 2598 Octava
821 2561 992 2609 expulso
1023 2567 1259 2600 numeratur
1289 2563 1439 2600 adorea
1472 2567 1600 2599 tauro.
1632 2558 1868 2612 (Cretensi.)

631 2618 678 2656 In
709 2620 931 2659 Diomedeis
960 2621 1131 2658 victoria
1161 2633 1269 2659 nona
1300 2621 1519 2671 quadriqis.

632 2677 808 2727 Geryone
840 2680 1020 2718 extincto
1053 2682 1252 2718 decimam
1285 2682 1355 2718 dat
1384 2680 1518 2718 Iberia
1547 2679 1738 2728 palmam.

629 2736 853 2775 Undecimo
885 2738 994 2775 mala
1023 2740 1282 2788 Hesperidum
1313 2734 1502 2778 destricta
1532 2739 1752 2787 triumpho.

631 2793 821 2833 Cerberus
851 2799 1022 2836 extremi
1053 2811 1242 2850 suprema
1273 2803 1335 2838 est
1362 2804 1472 2838 meta
1501 2798 1672 2836 laboris.

378 2895 549 2940 Bellum
590 2900 756 2953 septem
795 2880 1039 2956 principum
1079 2900 1339 2958 Argivorum
1378 2915 1456 2958 pro
1495 2902 1707 2957 Polynice,
1749 2899 1904 2954 Oedipi
1942 2898 1970 2941 f.
2010 2900 2055 2942 et

438 2956 615 2999 Adrasti
646 2971 818 3013 genero,
852 2962 1002 3001 contra
1033 2960 1254 3003 Eteoclem
1285 2964 1328 3003 et
1350 2962 1579 3003 Thebanos
1610 2959 1841 3002 infeliciter
1872 2961 2044 3014 gestum
2105 2958 2276 3012 (1210)

380 3015 580 3068 (Pereunt
611 3029 748 3055 omnes
778 3024 937 3066 praeter
965 3020 1200 3058 Adrastum:
1244 3021 1412 3071 Tydeus,
1445 3021 1549 3058 alter
1578 3018 1741 3059 Adrasti
1771 3030 1913 3067 gener,
1952 3019 2053 3066 Hip-

431 3077 640 3125 pomedon,
674 3076 840 3116 Adrasti
862 3081 1008 3117 sororis
1039 3083 1080 3117 et
1097 3080 1422 3128 Parthenopaeus
1445 3081 1588 3125 >fratris
1608 3080 1728 3127 filius,
1765 3076 1980 3125 Capaneus,
2012 3081 2054 3115 et

437 3136 703 3184 Amphiaraus
733 3141 847 3175 vates
877 3139 928 3175 ab
960 3151 1089 3177 uxore
1119 3139 1328 3188 Eriphyle,
1362 3149 1496 3177 sorore
1526 3137 1704 3186 Adrasti,
1737 3134 1957 3188 proditus.)

381 3250 630 3294 Renovatur
658 3253 820 3295 bellum
853 3254 905 3296 ab
938 3255 1181 3298 occisorum
1210 3254 1312 3300 filiis
1346 3255 1505 3298 adultis
1538 3255 1652 3307 (τοῖς
1682 3248 1943 3312 ἐπιγόνοις),
1975 3251 2052 3295 du·

441 3312 650 3367 cibusque
680 3313 921 3354 Alcmaeone
953 3312 1222 3371 (Amphiarai
1250 3315 1278 3358 f.
1311 3314 1553 3366 matricida)
1587 3316 1631 3357 et
1664 3314 1920 3356 Thersandro
1952 3312 2052 3364 (Po-

440 3370 599 3425 lynicis
631 3362 684 3422 fss)
729 3371 902 3414 Thebae
934 3374 1182 3429 capiuntur,
1219 3387 1322 3431 pars
1355 3374 1640 3418 Cadmeorum
1678 3373 1785 3417 urbe
1822 3372 1978 3416 relicta
2005 3371 2054 3415 in
2389 3377 2392 3391 ¹

442 3427 713 3472 Thessaliam
743 3431 902 3488 migrat
2111 3422 2276 3480 (1200)
2390 3434 2392 3479 i

381 3488 562 3544 (Reliqui
593 3494 814 3544 Aeyialeus,
846 3495 1012 3535 Adrasti
1042 3496 1162 3544 filius,
1194 3496 1404 3535 Diomedes
1435 3495 1578 3547 Tydei,
1619 3492 1827 3534 Sthenelus
1857 3491 2050 3542 Capanei,

440 3553 683 3593 Promachus
712 3555 1020 3605 Parthenopaei,
1053 3555 1344 3605 Amphilochus,
1379 3557 1507 3597 stater
1533 3551 1826 3606 Alcmaeonis.)
