2392 4016
878 163 1124 207 Gtaeeorum
1154 166 1331 208 fabulae.
2014 167 2071 214 15

254 355 382 416 Agrii
418 355 605 403 filiorum
642 356 822 411 liberat,
868 369 1032 416 eosque
1070 369 1222 403 omnes
1262 360 1435 415 praeter
1472 357 1738 403 Onchestum
1774 362 1822 403 et
1874 322 1909 348 ι’
1930 314 2014 348 ⁰⁵¹⁰
2036 323 2071 346 η’

258 416 490 462 Thersiten
523 416 696 471 occidit,
729 429 911 474 regnum
939 417 1252 471 Andraemoni,
1284 417 1360 474 qui
1390 416 1527 461 Oenei
1555 416 1688 461 filiam
1710 417 1819 462 Gor·

256 488 342 533 gen
373 488 554 521 uxorem
581 475 781 530 duxerat,
811 476 958 521 tradit.
1009 475 1328 521 Andr-aemonis
1359 475 1389 519 f.
1417 475 1555 520 Tama
1574 477 1743 521 Aetolis
1775 478 1821 521 in

254 535 371 580 bello
402 535 590 580 Troiano
620 538 809 593 praeest.

138 652 179 697 2.
224 652 464 696 DORICA
494 665 604 710 gens
633 652 897 710 aliquamdiu
919 651 1099 697 incertis
1122 651 1300 696 sedibus
1322 654 1505 709 vagatur
1525 651 1571 695 in
1592 651 1823 696 Thessalia

227 709 406 766 (Herod.
441 712 481 766 1,
512 711 606 766 56),
637 724 724 769 quo
755 716 950 769 tempore
973 711 1223 765 Tectamus,
1256 711 1362 755 Dori
1391 710 1435 764 t,
1468 711 1745 755 Doriensium
1776 713 1821 754 et

223 770 496 815 Achaeorum
527 771 742 815 coloniam
776 770 950 815 Cretam
980 771 1162 817 duxisse
1193 770 1380 815 traditur
1409 769 1499 827 (ap.
1530 770 1658 815 Diod.
1679 771 1734 823 4,
1746 770 1818 814 60.

225 830 267 883 5,
289 829 379 884 80),
410 831 592 888 eiusque
621 830 738 875 iilius
770 830 977 875 Asterion
1005 831 1226 887 Europam
1257 829 1451 874 duxisse.

165 888 367 934 Herculis
400 889 610 934 beneficio
640 893 801 934 terram
832 893 961 933 antea
990 904 1017 934 a
1037 889 1288 946 Dryopibus
1320 889 1558 935 habitatam
1588 888 1645 932 ad
1665 887 1820 932 Oetam

227 951 272 992 et
308 948 572 994 Parnassum
610 953 781 993 montes
825 948 1047 1006 possedit,
1092 949 1168 994 ubi
1206 952 1411 1007 quattuor
1448 949 1579 993 urbes
1618 947 1820 1000 Erineus,

222 1007 394 1062 Boium,
424 1009 603 1063 Pindus,
635 1008 872 1066 Gytinium.
1845 1032 1847 1034 ·

119 1087 123 1090 ·
166 1065 317 1124 Itaque
351 1068 606 1112 Heraclidae
638 1082 662 1112 e
684 1069 986 1125 Peloponneso
1018 1067 1135 1124 pulsi
1166 1066 1222 1110 ad
1246 1067 1384 1111 Dores
1417 1079 1517 1111 sese
1546 1068 1819 1124 receperunt,

224 1126 512 1185 Herculisque
541 1128 710 1186 posteri
737 1128 960 1185 principes
991 1127 1155 1171 Dorum
1186 1129 1432 1171 censentur.

137 1244 179 1290 3.
227 1243 392 1290 Gentes
420 1245 829 1290 AGHAEORUM
851 1246 895 1288 et
914 1243 1136 1288 IONUM
1158 1244 1222 1289 sic
1255 1246 1299 1287 et
1328 1245 1442 1288 inter
1472 1256 1520 1288 se
1552 1246 1597 1287 et
1626 1256 1725 1287 cum
1755 1255 1821 1287 re·

129 1359 134 1365 ,
227 1304 359 1362 liquis
391 1304 631 1350 Hellenicis
662 1304 836 1362 populis
867 1304 1139 1361 copulantur,
1171 1310 1219 1347 ut
1246 1303 1430 1356 Xanthus,
1461 1303 1657 1347 Hellenis
1688 1302 1820 1355 filius,

228 1375 252 1407 e
285 1363 515 1408 Thessalia
544 1364 758 1420 migrasse
789 1365 835 1407 in
864 1363 1056 1407 Atticam
1087 1363 1346 1420 (tetrapolin
1377 1362 1569 1414 Oenoen,
1608 1362 1821 1406 Maratho-

229 1435 341 1476 nem,
363 1422 704 1476 Probalinthum,
727 1422 1050 1479 Tricorythum)
1074 1426 1120 1466 et
1139 1422 1372 1466 Erechthei
1392 1423 1510 1479 regis
1532 1421 1664 1465 filiam
1688 1421 1821 1465 Greu-

227 1494 320 1526 sam
351 1481 544 1536 duxisse,
575 1495 633 1526 ex
662 1494 799 1539 eaque
830 1482 967 1525 Ionem
999 1486 1044 1526 et
1073 1482 1281 1525 Achaeum
1313 1494 1568 1538 procreasse
1599 1481 1782 1524 dicatur.

167 1539 334 1584 Horum
365 1545 547 1598 uterque
579 1554 635 1585 ex
663 1541 812 1585 Attica
841 1541 994 1595 eiecti,
1025 1542 1103 1585 Ion
1131 1542 1178 1585 in
1206 1541 1508 1598 Peloponneso
1540 1545 1697 1584 terram
1730 1543 1822 1583 tum

225 1598 470 1702 ¹Alegialum,
508 1612 611 1644 mox
640 1599 808 1644 Ioniam
838 1601 1020 1654 dictam,
1061 1600 1192 1644 ducta
1221 1601 1396 1654 Helice,
1428 1601 1545 1657 regis
1578 1600 1820 1644 Selinuntis

273 1659 336 1713 ia,
377 1660 621 1717 occupavit.
1785 1703 1807 1723 k

165 1717 358 1763 Achaeus
386 1718 431 1763 in
463 1719 738 1763 Thessaliam
766 1719 1016 1769 revertisse,
1047 1718 1127 1763 sed
1157 1719 1251 1763 eius
1282 1718 1362 1762 filii
1392 1719 1636 1762 Archander
1665 1720 1711 1761 et
1738 1718 1821 1760 Ar·

226 1779 393 1822 obiectes
433 1779 478 1822 in
509 1778 860 1836 Peloponnesum
896 1782 943 1822 et
980 1778 1067 1835 ipsi
1097 1778 1309 1835 migrasse
1341 1778 1566 1831 dicuntur,
1606 1782 1651 1822 et
1682 1777 1822 1820 Danai

228 1838 379 1895 generi
409 1836 516 1882 facti
543 1851 622 1895 per
650 1838 904 1894 Argolidem
946 1840 991 1881 et
1019 1837 1283 1881 Laconicam
1314 1837 1399 1881 late
1430 1838 1672 1890 habitasse,
1712 1836 1820 1880 adeo

229 1900 279 1941 ut
307 1896 579 1942 Achaeorum
609 1898 655 1946 in
685 1898 988 1954 Peloponneso
1020 1909 1177 1941 nomen
1207 1897 1452 1941 invaluerit.

171 1954 250 2000 Ion
279 1958 424 2001 autem
454 1970 478 2001 e
509 1956 812 2013 Peloponneso
844 1956 1008 2000 auxilio
1038 1959 1220 2000 vocatus
1249 1956 1495 2000 Atticorum
1525 1956 1570 1999 in
1601 1954 1716 1999 bello
1746 1953 1821 1998 ad·

228 2027 382 2059 versus
404 2015 651 2059 Eleusinios
682 2016 772 2060 dux
802 2015 958 2069 factus,
991 2015 1098 2059 adeo
1130 2019 1179 2059 ut
1207 2027 1364 2059 nomen
1385 2015 1539 2059 Ionum
1560 2015 1720 2058 Atticis
1743 2015 1820 2057 im·

227 2077 462 2131 poneretur
1589 2086 1677 2118 sec.
1709 2073 1814 2117 Eus.
1876 2075 2041 2127 (1334)

139 2188 208 2235 Ab
238 2191 723 2247 AMPHICTYONE,
761 2192 959 2237 Hellenis
1005 2193 1097 2237 sive
1135 2191 1275 2236 fratre·
1307 2192 1399 2236 sive
1437 2191 1549 2245 filio,
1592 2205 1819 2236 commuue

199 2251 414 2308 quoddam
445 2252 678 2296 concilium
708 2251 937 2297 duodecim
967 2252 1163 2313 gentium
1195 2251 1457 2296 Graecarum
1489 2251 1819 2305 (Phocensium,

198 2308 449 2364 Locrorum,
489 2311 725 2368 Dolopum,
767 2312 1029 2366 Aenianum,
1070 2311 1342 2355 Achaeorum
1373 2311 1692 2365 Phthiotarum‚
1732 2311 1820 2355 Ma-

198 2368 430 2424 leensium,
469 2371 739 2428 Magnetum,
780 2371 1145 2424 Perrhaeborum,
1179 2371 1511 2424 Thessalorum,
1544 2372 1820 2423 Boeotorum,

197 2428 375 2483 Dorum,
409 2430 587 2483 Ionum)
619 2431 866 2475 institutum
897 2431 1102 2484 traditur,
1143 2430 1196 2474 ad
1228 2430 1343 2487 quod
1377 2430 1443 2475 bis
1475 2431 1519 2475 in
1552 2443 1663 2475 anuo
1698 2430 1819 2487 Pylis

196 2487 556 2547 (Thermopylis)
588 2493 634 2533 et
666 2490 844 2547 Delphis
875 2490 1008 2548 legati
1040 2487 1348 2548 (πυλαγόραι)
1380 2491 1710 2535 conveniebant.

138 2544 470 2605 Amphictyouis
502 2548 616 2594 filius
638 2550 794 2602 leonas,
825 2550 954 2595 huius
983 2550 1168 2594 Boeotus
1198 2549 1394 2602 traditur,
1426 2549 1480 2592 ad
1512 2563 1639 2607 quem
1672 2551 1820 2592 aucto·

198 2620 289 2653 rem
320 2608 580 2652 Boeotorum
614 2609 731 2652 natio
763 2622 901 2664 genus
935 2621 1175 2666 nomenque
1207 2608 1351 2652 refert.

139 2664 315 2710 Praeter
354 2667 460 2711 haec
500 2668 694 2723 gentium
733 2668 986 2713 discrimina
1023 2669 1351 2726 principumque
1390 2665 1647 2711 familiarum
1686 2678 1815 2710 casus

198 2729 243 2769 et
272 2726 565 2783 migrationes,
598 2727 843 2771 communia
873 2727 1082 2784 quaedam
1117 2732 1319 2771 notantur
1350 2726 1479 2770 haec:

140 2783 293 2839 Minos,
325 2786 400 2841 qui
430 2785 546 2830 filius
579 2785 694 2829 lovis
726 2789 770 2829 et
801 2785 1014 2841 Europae,
1049 2786 1278 2831 Phoenicis
1310 2784 1438 2837 filiae,
1477 2784 1613 2830 fuisse
1645 2783 1817 2837 dicitur,

200 2842 364 2889 Gnossi
396 2845 440 2888 in
474 2843 604 2888 Creta
635 2847 799 2901 regnat,
832 2844 963 2888 armis
995 2848 1172 2902 potens,
1212 2845 1333 2902 leges
1365 2845 1685 2900 religionesque
1716 2856 1818 2887 con·

199 2902 321 2955 dens,
354 2904 459 2947 mari
487 2903 719 2960 imperans,
1696 2904 1813 2947 circa
1874 2905 2039 2955 (1300)

139 2959 314 3007 Fratres
346 2962 503 3007 Minois
534 2962 887 3020 Rhadamanthys
919 2966 964 3007 et
994 2962 1232 3020 Sarpedon,
1266 2962 1426 3020 Lyciae
1459 2962 1670 3006 conditor.

138 3018 242 3064 Filii
273 3021 542 3078 Androgeos,
573 3022 628 3068 ab
659 3022 817 3067 Atticis
848 3023 1148 3079 interemptus,
1183 3022 1434 3073 Deucalion,
1467 3022 1620 3065 Molus.

140 3076 420 3181 Deiucalionis
452 3079 510 3123 fil.
533 3079 804 3135 Idomeneus,
836 3081 940 3126 Moli
959 3082 1174 3126 hier-iones
1197 3081 1479 3127 Cretensibus
1505 3082 1547 3124 in
1571 3079 1684 3123 bello
1707 3079 1815 3124 Tro·

244 3150 299 3182 no
329 3141 549 3195 praesunt.

142 3251 192 3296 In
223 3253 321 3310 ipsa
350 3253 536 3300 Graecia
565 3254 875 3310 Orchomenus,
906 3258 1008 3302 urbs
1041 3258 1294 3313 Minyarum,
1326 3255 1451 3303 floret
1867 3260 2040 3316 (1250)

142 3310 269 3352 Cuius
299 3314 476 3355 civitan-
506 3316 624 3366 primi
655 3326 771 3367 regn
790 3318 1006 3358 uaduntur
1025 3319 1147 3357 suisne
1169 3317 1366 3366 Androna,
1397 3316 1522 3357 Penei
1542 3316 1674 3357 amnia
1693 3315 1816 3368 filius,

200 3377 241 3411 et
272 3373 359 3412 eius
390 3379 462 3414 ant
490 3372 677 3425 Cephiaai
708 3377 841 3416 amnia
868 3377 898 3416 t.
931 3375 1134 3424 Eteocles,
1170 3377 1240 3425 qul
1274 3374 1507 3417 Gratiarum
1537 3375 1691 3416 cultum
1723 3376 1815 3416 nli·

197 3434 355 3482 gruum
389 3433 611 3473 instituisse
642 3434 779 3473 fertur.

139 3488 207 3529 Ad
236 3491 310 3530 hoe
340 3490 506 3543 Sisyphi
537 3494 565 3532 f.
597 3492 740 3534 Almus
770 3491 932 3546 (μὴ
961 3491 1179 3545 Aeolieae)
1208 3494 1412 3546 migravit.
1453 3494 1639 3545 filiaeque
1669 3494 1817 3536 habuit

199 3548 515 3603 Chrysogonum
547 3557 588 3592 et
616 3550 813 3604 Chrysen.
861 3552 1163 3605 cum-omnin
1194 3558 1236 3594 et
1264 3553 1406 3595 Martis
1437 3556 1464 3593 s.
1495 3554 1694 3605 Palem
1722 3566 1817 3595 auc-
