2392 4016
598 175 651 216 ab
684 188 791 217 anno
823 189 862 216 a.
889 174 985 217 Chr.
1017 177 1072 219 8⁹
1105 188 1232 228 usque
1262 176 1316 217 ad
1346 189 1495 217 annum
1528 177 1598 218 84.
1984 172 2069 224 12⁹

137 322 268 397 febr·
352 332 432 357 Μ
504 385 516 409 z
533 370 675 426 gatar.
726 367 888 418 Caesar
917 368 1026 415 duas
1057 369 1253 427 legiones
1284 367 1461 412 Italicas
1482 367 1672 413 Antonio
1704 367 1758 411 ad
1786 367 1948 412 bellum
1968 352 2097 416 Par-³»

535 427 700 472 thicum
730 427 877 482 tradit,
894 428 1071 486 ,accipit
1100 428 1154 473 ab
1184 427 1261 471 illo
1294 426 1382 471 100
1411 439 1544 471 naves
1575 431 1800 471 rostratas.
2091 419 2099 465 Ι

476 504 478 507 ·
593 485 650 533 M.
672 486 883 544 Agrippa,
917 486 1118 533 Caesaris
1149 486 1330 540 amicus,
1360 486 1894 542 rei-navali-praepositus
1914 497 2072 542 magno

535 544 680 588 studio
714 559 846 590 naves
878 549 1114 604 comparat,
1144 548 1316 604 portum
1338 543 1511 598 Iulium,
1542 543 1733 588 Lucrino
1755 551 1800 588 et
1819 546 1991 588 Averno
2010 544 2071 587 la·

537 605 676 649 cubus
707 617 807 649 cum
837 606 948 650 mari
986 605 1257 658 coniunctis,
1295 602 1452 657 efficit,
1490 604 1537 647 in
1568 616 1707 660 eoque
1737 603 1892 648 20000
1921 615 2072 647 servos

532 664 824 710 manumissos
846 665 1061 722 remigare
1080 664 1284 709 instituit.
1322 663 1746 720 (Ea-opportunitate
1767 663 1896 705 etiam
1918 667 2073 719 crypta

531 721 821 835 Neapolitana
856 737 936 781 per
966 725 1157 768 montem
1189 722 1474 779 Pausilypum
1510 721 1826 766 facta-videtur
1857 734 1933 777 per
1964 720 2073 765 Coc·

530 794 686 827 celum.
900 824 901 829 ,

593 840 642 886 C.
675 840 853 895 Sosius,
890 840 1071 886 Antonii
1101 841 1297 898 legatus,
1335 839 1643 896 Hierosolyma
1670 844 1772 896 post
1803 839 1830 883 5
1862 839 2073 883 mensium

533 912 559 946 ⁰
580 901 1082 1004 mmmm
1113 899 2072 1015 {122'53'3113’2333323'3‘..ffi1.3:¹‘⁵⁸⁰¹¹⁰’

193 1021 252 1069 86
333 1019 420 1066 718
485 1017 586 1064 Cos.
617 1019 673 1063 L.
708 1018 868 1063 Gellius
897 1019 1130 1072 Publicola,
1162 1019 1226 1062 M.
1253 1018 1443 1062 Cocceius
1462 1017 1619 1071 Nerva,
1652 1017 1749 1061 suff.
1782 1017 1836 1060 L.
1860 1017 2075 1059 Munatius

172 1117 175 1123 .
531 1079 727 1122 Plancus.
790 1078 971 1123 Praetor
1002 1081 1071 1123 est
1101 1078 1156 1122 M.
1188 1077 1387 1131 Bibulus,
1420 1076 1480 1121 fil.
1513 1089 1603 1122 cos.
1636 1090 1734 1120 ann.
1766 1077 1839 1129 59,
1878 1077 1952 1133 qui
1983 1076 2074 1119 Mu·

535 1138 654 1181 natio
670 1137 832 1181 Planco
853 1138 899 1181 in
918 1137 1091 1194 Syriam
1114 1136 1343 1188 succedit.)
1376 1136 1576 1182 Caesaris
1597 1135 1806 1180 adversus
1828 1135 1931 1179 Sex.
1950 1135 2076 1178 Pom-

345 1199 401 1238 27
541 1197 687 1254 peinm
717 1195 960 1254 expeditio,
995 1196 1186 1241 Calvisio
1218 1196 1328 1241 duce
1357 1186 1584 1253 suscepti,
1622 1208 1775 1239 rursus
1806 1196 1928 1238 irrita
1959 1193 2078 1237 cadit

314 1256 423 1308 Aug.
538 1257 583 1300 vi
612 1259 920 1313 tempestatum
960 1260 1005 1300 et
1039 1255 1223 1313 perfidia
1252 1254 1490 1300 Menodori.
1569 1254 1763 1299 Tandem
1797 1254 1991 1309 Aqrippa
2022 1253 2076 1296 ab

535 1315 671 1360 Hiera
699 1315 846 1360 insula
881 1316 1046 1360 traiicit
1084 1319 1128 1360 et
1159 1314 1455 1372 Tyndaridem
1484 1315 1530 1359 in
1562 1314 1717 1358 Sicilia
1746 1314 1884 1370 capit,
1924 1312 2076 1356 eodem

491 1407 500 1430 ,
534 1377 729 1432 tempore
768 1374 818 1419 L.
860 1374 1120 1419 Cornificius
1163 1377 1208 1418 et
1244 1375 1340 1431 ipse
1383 1373 1547 1418 Caesar
1586 1374 1704 1417 circa
1741 1371 2077 1415 Tauromenium
2192 1418 2194 1420 ,

407 1425 446 1494 ἦ
463 1427 481 1441 “
534 1434 825 1491 appellantur,
866 1433 944 1478 sed
979 1434 1096 1478 haud
1132 1434 1228 1490 pari
1257 1446 1355 1477 cum
1386 1433 1616 1478 felicitate:
1649 1445 1748 1476 nam
1787 1431 1943 1474 classis
1977 1444 2077 1474 cum
2213 1416 2392 1482 ‘'²2¹⁴''

535 1491 725 1537 Caesare
753 1492 928 1537 rediens
959 1493 1013 1537 ab
1045 1493 1244 1537 hostibus
1275 1495 1472 1545 vexatur,
1509 1479 1729 1536 exercitiis
1761 1503 1898 1547 paene
1930 1490 2076 1546 oppri·
2293 1485 2302 1494 “

533 1552 678 1596 mitur.
741 1551 896 1596 Omnia
925 1550 1336 1609 Agrippae‘virtute
1368 1554 1412 1595 et
1445 1551 1679 1607 legionum
1698 1549 1952 1593 a-Caesare
1977 1549 2077 1605 sub·
2111 1566 2149 1586 v:
2185 1536 2252 1594 >sl

536 1611 988 1655 missarum‘numero
1020 1610 1130 1664 (21)
1162 1610 1459 1655 emendantur.
1530 1610 1682 1653 Altera
1717 1612 1839 1666 parte
1870 1607 2078 1665 Lepidus,

537 1683 594 1714 ex
625 1669 773 1714 Africa
802 1670 1026 1724 traiectus,
1060 1670 1219 1714 multas
1251 1670 1380 1714 urbes
1410 1670 1580 1726 recipit.
1631 1668 1801 1713 Bellum
1833 1667 2081 1711 decernitur

535 1729 701 1792 proelio
734 1729 970 1790 naga-133„
988 1730 1029 1785 d.
1039 1780 1052 1786 ..
1065 1729 1265 1784 [nv-Non.
1299 1729 1419 1786 Sept.
1445 1729 1573 1778 ,inter
1603 1728 1840 1785 Agrippam
1879 1730 1924 1770 et
1954 1726 2079 1770 Pom·
2125 1709 2135 1790 ξ

536 1787 698 1846 peium,
729 1801 816 1846 quo
839 1789 983 1834 victus
1005 1788 1092 1842 hic,
1114 1789 1290 1832 amissis
1311 1787 1401 1831 fere
1422 1788 1623 1832 omnibus
1644 1787 1843 1838 navibus,
1863 1787 1908 1829 in
1930 1786 2078 1829 Asiam

537 1847 652 1905 fugit
681 1851 727 1893 et
756 1848 979 1905 Mytilenis
1012 1848 1196 1901 hiemat,
1235 1846 1630 1904 deditionis-leges
1673 1859 1770 1890 cum
1803 1846 1858 1888 M.
1889 1845 2080 1888 Antonio
2310 1889 2316 1911 ‚

539 1907 729 1964 agitans.
800 1907 1047 1951 Messanam
1086 1907 1267 1951 absente
1305 1905 1418 1950 forte
1450 1905 1638 1951 Caesare
1669 1906 1732 1948 M.
1766 1906 1952 1961 Lepidus
1981 1917 2080 1947 cum
2148 1932 2151 1933 γ
2190 1910 2218 1934 υ
2261 1927 2265 1932 -
2301 1913 2316 1924 ·
2341 1907 2392 1939 ·›'

535 1966 577 2009 le
612 1967 783 2011 'onibus
821 1966 1098 2024 Pompeianis
1145 1967 1192 2011 in
1237 1966 1454 2010 dicionem
1501 1963 1683 2022 accipit,
1731 1962 2100 2021 quo-praesidio-

542 2024 876 2082 2-7-771332-„719101
908 2025 1070 2069 Sicilia
1093 2025 1326 2070 Caesarem
1366 2024 1578 2069 decedere
1608 2024 1741 2068 iubet.
1813 2023 1902 2067 Sed
1933 2037 1959 2066 a
1987 2023 2080 2066 suis

538 2085 634 2142 ipse
667 2085 879 2129 militibus
920 2087 1196 2142 contemptus
1237 2085 1332 2129 sine
1370 2085 1584 2141 sanguine
1623 2083 1870 2140 legionibus
1903 2086 1947 2126 et
1975 2083 2082 2125 omni

534 2153 738 2208 potest-922
759 2146 983 2199 privatus,
1033 2143 1323 2198 Circeios-jn
1339 2142 1904 2200 „perpetuumjelegatun
1951 2141 2081 2184 etiam
2126 2136 2143 2193 Χ

536 2202 699 2257 Africa,
720 2203 856 2247 misso
879 2203 1056 2248 Statilio
1078 2203 1240 2257 Tauro,
1262 2202 1425 2247 Caesar
1445 2203 1623 2259 potitur.
1670 2202 1751 2244 His
1774 2201 1913 2257 gestis
1934 2201 2081 2252 rebus,

534 2262 729 2307 dimissis
770 2262 927 2307 callide
959 2263 1202 2315 veteranis,
1245 2261 1409 2306 Caesar
1439 2261 1548 2306 Idib.
1583 2260 1794 2305 Novemb.
1827 2272 1963 2303 ovans
1998 2259 2082 2302 Ro·

535 2335 650 2366 mam
680 2321 797 2366 redit
828 2323 872 2366 et
892 2322 1128 2379 imperator
1150 2321 1215 2366 111
1237 2321 1494 2378 appellatur.
1539 2320 1669 2373 (Urbi
1690 2319 1877 2364 Caesare
1899 2319 2082 2363 absente

565 2379 954 2439 raefectus--fuerat
989 2381 1035 2426 0.
1071 2381 1230 2425 Cilnius
1260 2381 1506 2434 Maecenas,
1547 2392 1615 2436 eq.
1649 2380 1789 2432 Rom„
1830 2378 1880 2431 Q.
1912 2378 2083 2422 Horatii

592 2435 708 2485 acci*
717 2439 962 2497 patronus.)

597 2499 646 2543 P.
681 2498 904 2552 Canidius,
936 2498 1120 2543 Antonii
1149 2498 1250 2555 leg„
1282 2497 1434 2542 Iberos
1465 2498 1511 2542 in
1541 2495 1650 2541 Asia
1679 2496 1838 2548 domat,
1870 2496 1965 2552 ipse
1997 2495 2082 2539 An·

539 2559 687 2604 tonius
720 2570 819 2601 cum
855 2557 908 2602 16
931 2557 1018 2615 leg.
1049 2557 1340 2614 impressione
1371 2558 1415 2600 in
1437 2555 1623 2600 Mediam
1651 2555 1767 2599 facta
1796 2555 1958 2598 bellum
1981 2554 2082 2597 Par·

539 2617 628 2662 this
651 2616 796 2670 infert,
828 2629 939 2674 quos
961 2616 1063 2660 dum
1084 2615 1341 2660 recedentes
1363 2615 1653 2720 P0f⁸⁶q÷¹ast⁰¹2
1685 2614 1795 2657 duae
1818 2613 1902 2670 leg.
1924 2613 2100 2656 castris-

541 2675 936 2732 etdmpedimentis
967 2674 1394 2732 praesidio-relictae
1416 2686 1524 2719 conc
1574 2676 1717 2726 untur,
1749 2674 1843 2729 ipse
1865 2672 2083 2715 molestis·

541 2735 652 2778 simo
683 2735 864 2788 itinere,
903 2736 1087 2778 vexatus
1130 2733 1185 2778 ab
1216 2733 1407 2778 hostium
1437 2733 1677 2791 equitibus,
1717 2732 1857 2776 redire
1889 2732 2080 2788 cogitur3

540 2794 587 2838 in
608 2792 859 2850 Aegyptum
887 2806 1091 2838 reversus
1122 2793 1310 2838 lenimen
1341 2792 1504 2838 doloris
1535 2805 1591 2838 ex
1621 2791 1934 2836 consuetudine
1957 2789 2081 2834 Cleo·

540 2855 691 2910 patrae
721 2852 904 2909 quaerit.

540 2910 860 3013 ffTfiulnpm
888 2925 927 2955 a.
959 2909 1000 2955 d.
1034 2919 1121 2954 xv!
1155 2910 1247 2956 Cal.
1279 2910 1402 2956 Sext.
1435 2910 1515 2957 Cn.
1538 2910 1755 2955 Domitius
1786 2907 1994 2953 Calvinus
2024 2920 2080 2951 ex

584 2982 622 3014 is
684 2983 768 3014 nia.

203 3033 261 3080 35
345 3033 432 3078 719
496 3028 597 3074 Cos.
625 2982 683 3072 ἲ
720 3029 977 3084 Cornificius,
1009 3029 1108 3073 Sex.
1139 3029 1367 3084 Pompeius,
1398 3028 1498 3071 Sex.
1518 3027 1616 3081 Νη·
1648 3025 1745 3071 suff.
1779 3025 1858 3069 Cn.
1890 3023 2080 3075 Nerius.)

546 3087 708 3138 sear
814 3089 924 3142 eius,
958 3088 1037 3133 Cn.
1060 3088 1207 3145 Magni
1237 3087 1367 3140 filius,
1430 3085 1812 3142 uictis-impatiens
1834 3084 1972 3140 copiis
1992 3082 2081 3126 col·
2125 3107 2129 3128 ι

543 3146 672 3192 lectis
700 3147 746 3192 in
819 3148 887 3192 sia
916 3146 1303 3199 bellum-molitur,
1345 3099 1427 3189 sed
1462 3158 1490 3188 a
1518 3144 1703 3188 ducibus
1737 3142 1995 3187 Antonianis
2028 3140 2077 3185 C.

541 3205 707 3251 Furnio
738 3209 785 3251 et
813 3206 869 3249 M.
902 3205 1020 3254 Titio
1050 3206 1096 3250 in
1127 3205 1321 3261 Phrygia
1350 3216 1585 3265 oppressus
1619 3206 1810 3247 necatur.
1874 3201 1921 3244 ln
1955 3200 2080 3244 ltalia
2127 3255 2130 3259 .

547 3262 730 3319 Caesar,
769 3263 984 3310 seditione
1015 3267 1316 3308 veteranorum
1348 3275 1579 3321 oppressa,
1620 3260 1855 3319 lapydibus
1886 3273 1937 3303 ac
1971 3259 2079 3305 Pau·

545 3322 688 3367 neniis
725 3322 886 3368 bellum
924 3323 1075 3377 infert,
1114 3335 1263 3367 eorum
1298 3334 1350 3366 ue
1389 3325 1527 3367 terrim
1567 3320 1778 3365 devastat.
1850 3317 1915 3361 Ad
1946 3316 2078 3361 confl-

545 3381 746 3426 cieudum
777 3382 938 3427 bellum
969 3381 1177 3438 relinquit
1196 3381 1261 3426 Fu
1295 3394 1366 3425 um
1389 3380 1633 3426 Geminum.
1679 3378 1894 3422 Antonius
1916 3377 2077 3420 bellum

542 3441 589 3485 in
618 3440 849 3486 Armenios
879 3443 1017 3498 parat,
1048 3440 1127 3485 sed
1158 3452 1340 3498 propere
1370 3438 1426 3484 ad
1458 3439 1563 3484 Cleo
1596 3443 1733 3483 atram
1764 3437 2006 3481 revertitur.

207 3500 265 3547 34
345 3499 434 3546 720
495 3498 598 3546 Cos.
631 3500 683 3543 L.
717 3499 955 3544 Scribonius
984 3499 1108 3552 Libo,
1139 3499 1202 3543 M.
1233 3501 1435 3544 Antoniae
1464 3499 1520 3542 11
1546 3512 1572 3542 a
1601 3509 1719 3550 sens,
1758 3498 1830 3553 qui
1862 3507 1959 3540 cum
1991 3506 2078 3538 uon

542 3559 719 3614 inisset,
758 3558 856 3605 suff.
897 3559 952 3602 L.
983 3558 1247 3616 Semproniae
1274 3559 1515 3612 Aminea,
1553 3570 1610 3603 ex
1649 3555 1742 3602 Cal.
1783 3554 1864 3600 lul.
1905 3554 2079 3598 Panum
