2392 4016
309 252 391 300 132
826 292 832 294 ,
1077 251 1256 292 Annales
1287 251 1458 292 Romani

330 423 338 432 .
389 424 400 434 .
471 424 477 433 .
513 424 520 432 .
573 400 621 430 im
649 422 658 432 .

306 411 326 432 a
360 399 387 432 c
445 409 467 431 u
492 408 510 431 c
622 408 646 439 p
761 455 868 487 cum.
900 455 1079 487 censum
1131 446 1380 487 senatorum
1419 443 1693 499 ampliasset,
1741 455 1828 486 non
1867 442 2124 485 habentibus
2163 441 2236 485 be-

760 502 891 558 nigne
943 503 1101 559 explet.
1170 502 1457 546 Patriciorum
1495 514 1720 549 numerum
1757 502 1855 557 lege
1897 501 2055 544 Saenia
2093 505 2237 557 auget,

761 560 891 604 aedes
925 574 1072 604 sacras
1105 564 1322 605 vetustate
1356 561 1571 617 collapsas
1595 559 1691 613 (82)
1714 560 1969 604 reficiendas
2003 563 2137 612 curat,
2169 573 2237 602 ae-

758 619 854 662 dem
876 620 1091 676 Apollinis
1112 620 1301 663 Palatini
1321 619 1535 673 aedificat,
1565 620 1831 664 Mausoleum
1864 619 2024 662 condit.
2069 619 2238 662 Aerarii

760 692 906 721 curam
924 680 978 722 ad
993 682 1214 735 praetores
1233 682 1307 722 aut
1322 682 1526 735 praetura
1541 678 1713 722 functos
1730 678 1947 722 transfelt.
1980 678 2034 720 M.
2050 677 2236 721 Crassus

757 749 874 793 proc.
907 738 1184 781 Macedoniae
1215 738 1452 782 Bastarnas
1484 742 1604 781 trans
1627 737 1838 781 Haemum
1869 738 2016 779 vincit.
2068 737 2237 779 Trium-

760 797 864 852 phat
904 796 953 839 L.
985 796 1225 841 Autronius
1258 798 1420 841 Paetus
1461 810 1516 840 ex
1553 796 1702 840 Africa
1742 810 1779 839 a.
1821 796 1861 839 d.
1906 796 1957 838 17
1992 795 2082 839 Cal.
2117 795 2236 851 Sept.

757 855 934 898 Procos.
970 855 1123 911 Syriae
1154 854 1205 899 fit
1225 856 1278 899 M.
1303 856 1474 899 Tullius
1499 856 1665 909 Cicero,
1698 856 1881 898 oratoris
1893 854 1977 907 rfil„
2011 856 2084 911 qui
2106 854 2236 910 paulo

756 916 857 969 post
887 915 1036 957 Asiam
1067 927 1236 970 procos.
1268 915 1396 971 regit.
1511 913 1516 917 ’

334 972 390 1015 28
454 972 538 1014 726
631 972 658 1016 3
705 973 888 1014 -Seaetum
918 974 1058 1016 consul
1098 989 1184 1015 cum
1214 974 1279 1016 M.
1310 975 1506 1029 Ayrippa
1535 973 1594 1015 II
1625 973 1720 1028 ipse
1756 974 1946 1027 princeps
1974 981 2136 1013 senatus
2172 983 2237 1012 re-

758 1032 1004 1074 nuntiatur:
1045 1032 1181 1074 lustro
1219 1035 1321 1087 post
1357 1044 1519 1080 annum
1558 1031 1741 1074 alterum
1779 1035 1822 1074 et
1860 1030 2235 1086 quadragesimum

758 1087 840 1140 (cf.
875 1102 912 1131 a.
944 1087 1028 1140 70)
1069 1089 1242 1132 condito
1281 1089 1504 1133 4063000
1543 1090 1661 1132 cives
1704 1102 1859 1132 censos
1899 1102 1997 1132 esse
2027 1090 2121 1144 ipse
2153 1092 2237 1131 tra-

759 1147 880 1189 didit.
942 1147 1107 1190 Aedem
1136 1148 1354 1203 Apollinis
1386 1148 1576 1191 Palatini
1606 1161 1704 1190 cum
1735 1148 1998 1191 bibliotheca
2029 1147 2100 1199 (8.
2124 1148 2236 1198 Oct.)

759 1206 945 1250 dedicat.
1007 1205 1122 1249 Ludi
1151 1206 1324 1250 Actiaci
1364 1207 1550 1263 primum
1592 1206 1877 1249 celebrantur.
1950 1206 2151 1249 Ciceroni
2192 1208 2234 1249 in

761 1264 935 1320 Syriam
966 1277 1087 1320 prov.
1121 1265 1318 1308 succedit
1347 1265 1401 1309 A.
1435 1265 1667 1314 Terentius
1690 1264 1827 1318 Varro
1859 1263 1975 1317 (cos.
2008 1279 2076 1307 an.
2110 1264 2205 1315 23).

334 1324 388 1367 27
454 1324 538 1367 727
629 1324 658 1366 4
722 1323 823 1368 Cos.
855 1325 1048 1378 Imperat.
1087 1324 1242 1367 Caesar
1264 1325 1371 1378 VII,
1409 1325 1474 1367 M
1505 1325 1702 1379 Ayrippa
1730 1323 1846 1374 III.)
1915 1325 1966 1366 A.
2000 1323 2039 1366 d.
2074 1333 2140 1365 vll
2173 1323 2236 1366 Id.

758 1383 849 1429 Ian.
885 1383 1047 1426 Caesar
1084 1384 1132 1426 in
1174 1387 1328 1426 senatu
1367 1383 1607 1426 orationem
1645 1384 1771 1439 quasi
1807 1383 2036 1439 imperium
2068 1382 2238 1438 deposi-

755 1444 880 1486 turus
911 1443 1065 1495 habet,
1107 1443 1184 1485 sed
1214 1443 1260 1486 in
1303 1443 1561 1487 decennium
1601 1443 1685 1485 sibi
1718 1444 1941 1497 proroqari
1969 1443 2151 1498 patitur,
2192 1441 2238 1484 id

761 1501 878 1556 quod
908 1505 1059 1556 quater
1088 1505 1242 1557 postea
1267 1503 1491 1558 repetitur,
1522 1501 1623 1556 dum
1651 1501 1778 1546 modo
1808 1502 1853 1544 in
1884 1502 2237 1556 quinquennium,

758 1560 886 1603 modo
925 1561 971 1603 in
1010 1560 1268 1604 decennium
1306 1561 1415 1604 illud
1461 1562 1587 1616 quasi
1626 1573 1734 1603 onus
1777 1561 1973 1616 suscipit.
2046 1560 2133 1603 Sed
2172 1559 2235 1602 Id.

759 1618 851 1662 Ian.
877 1621 1115 1674 provincias
1141 1622 1375 1674 pacatiores
1403 1621 1564 1662 senatui
1592 1621 1749 1671 reddit,
1789 1620 1835 1662 in
1867 1632 1974 1674 quas
2006 1619 2236 1674 quotannis

760 1679 1054 1733 quinquennio
1085 1681 1187 1734 post
1217 1682 1366 1735 gestos
1398 1679 1678 1735 magistratus
1701 1679 1756 1726 ab
1778 1682 1931 1721 senatu
1952 1678 2236 1734 proconsules

758 1738 1034 1779 mitterentur
1067 1737 1237 1788 (Asiam
1259 1741 1303 1780 et
1322 1738 1526 1790 Africam,
1559 1750 1668 1793 quae
1701 1737 1952 1780 consulares
1976 1741 2090 1789 sunt,
2121 1738 2236 1779 Bae-

762 1797 882 1836 ticam
908 1796 1172 1850 Hispaniam,
1203 1796 1505 1838 Narbonensem
1534 1795 1719 1839 Galliam
1743 1795 1816 1848 (ab
1839 1808 1951 1838 anno
1969 1795 2024 1838 22
2044 1810 2081 1838 a.
2102 1796 2235 1848 Chr.)‚

756 1854 960 1907 Siciliam,
993 1855 1266 1908 Dalmatiam,
1298 1856 1596 1908 Macedoniam,
1623 1855 1782 1897 Cretam
1803 1868 1901 1898 cum
1925 1854 2122 1910 Cyrenis,
2161 1856 2235 1911 Cy-

753 1929 873 1967 prum
895 1913 976 1965 (ab
999 1927 1098 1956 ann.
1123 1913 1177 1956 22
1188 1913 1223 1967 ),
1259 1915 1512 1970 Bithyniam,
1545 1927 1654 1970 quae
1684 1915 1926 1970 praetoriae
1959 1913 2105 1966 sunt);
2138 1928 2236 1956 nam

759 1972 1000 2015 Sardiniam
1031 1975 1075 2015 et
1111 1973 1314 2015 Corsicam
1344 1986 1457 2025 anno
1491 1973 1516 2016 6
1548 1987 1590 2029 p.
1610 1972 1710 2016 Chr.
1741 1979 1891 2022 rursus
1924 1973 1979 2014 ad
2010 1986 2132 2015 suam
2164 1987 2236 2016 cu-

690 2085 693 2088 ,
760 2044 851 2073 ram
882 2032 1118 2076 transtulit.
1168 2031 1265 2075 Sibi
1294 2034 1438 2076 retinet
1467 2031 1718 2088 ferociores,
1749 2034 1793 2075 et
1821 2033 1867 2074 in
1899 2032 2056 2087 quibus
2080 2032 2235 2074 validis

726 2090 728 2092 ’
761 2091 1025 2133 exercitibus
1059 2104 1167 2147 opus
1199 2094 1329 2144 esset,
1360 2091 1637 2144 Lusitaniam,
1674 2092 1924 2146 Hispaniam
1960 2092 2236 2133 Tarraconen-

758 2165 850 2202 sem,
893 2149 1070 2203 Gallias,
1111 2151 1310 2203 Ciliciam,
1341 2151 1510 2206 Syriam
1530 2166 1616 2192 cum
1636 2151 1848 2203 Phoenice,
1869 2151 2111 2206 Aegyptum,
2144 2151 2236 2206 qui·

759 2208 841 2251 bus
875 2221 986 2250 anno
1021 2208 1072 2251 11
1109 2222 1146 2251 a.
1171 2209 1269 2253 Chr.
1301 2210 1617 2264 permutatione
1648 2209 1776 2262 facta,
1810 2209 1981 2252 additur
2000 2211 2233 2252 Dalmatia.

759 2266 810 2308 In
842 2279 916 2309 eas
949 2267 1031 2309 viri
1060 2268 1217 2322 partim
1249 2268 1516 2321 consulares,
1547 2269 1704 2324 partim
1733 2270 1938 2324 praetorii
1969 2266 2104 2324 legati
2130 2268 2237 2311 Cae-

761 2325 870 2368 saris
902 2338 980 2381 pro
1012 2327 1283 2382 praetoribus
1315 2327 1557 2380 mittuntur,
1588 2330 1782 2383 tempore
1813 2340 1900 2370 non
1932 2327 2123 2370 definito.
2184 2327 2233 2370 L.

760 2384 942 2426 Munatii
973 2384 1125 2427 Planci
1156 2387 1371 2428 sententia
1394 2385 1572 2429 Caesari
1602 2399 1761 2429 novum
1793 2399 2034 2442 cognomen
2054 2387 2237 2441 Auyusti

758 2444 964 2486 tribuitur
998 2444 1130 2495 (xvn
1164 2444 1254 2487 Cal.
1286 2444 1446 2495 Febr.).

787 2503 872 2544 ’Μ.
912 2501 1108 2558 Agrippa
1136 2503 1360 2546 Pantheon
1398 2503 1582 2546 dedicat.
1654 2503 1722 2546 Ti.
1756 2503 1936 2556 Caesar,
1979 2504 2053 2559 qui
2082 2506 2236 2559 postea

757 2560 1000 2616 imperavit,
1033 2571 1121 2602 vm
1149 2561 1239 2605 Cal.
1262 2563 1359 2605 Mai.
1394 2565 1541 2618 togam
1571 2563 1738 2605 virilem
1771 2563 1914 2605 sumit.
1960 2563 2015 2604 M.
2050 2562 2233 2606 Crassus
2262 2583 2265 2586 ·

704 2632 706 2634 ’
757 2619 786 2662 4
807 2619 918 2662 Non.
953 2620 1033 2663 Iul.
1067 2633 1122 2663 ex
1144 2621 1330 2664 Thracia
1361 2622 1414 2664 de
1449 2621 1588 2674 Getis,
1619 2622 1824 2664 Messalla
1846 2621 2058 2665 Corvinus
2091 2622 2117 2664 7
2142 2621 2233 2665 Cal.

759 2677 853 2720 Oct.
887 2692 942 2722 ex
971 2679 1206 2734 Aquitania
1235 2681 1513 2736 triumphant.

817 2737 996 2780 Aestate
1027 2737 1256 2795 Augustus
1297 2741 1344 2782 in
1377 2739 1564 2783 Galliam
1594 2739 1909 2796 proficiscitur,
1950 2739 2052 2781 inde
2082 2739 2128 2782 in
2157 2739 2234 2782 Hi·

759 2797 969 2851 spaniam,
1001 2798 1076 2840 ubi
1807 2822 1819 2838 f

335 2855 390 2899 26
453 2855 538 2899 728
629 2853 655 2898 5
717 2863 899 2896 octavum
923 2857 1168 2898 consulatum
1185 2856 1431 2901 Tarracone
1450 2857 1533 2900 init
1553 2857 1724 2913 collega
1753 2857 1799 2899 T.
1818 2857 1992 2900 Statilio
2013 2857 2150 2900 Tauro
2168 2858 2231 2899 II.

758 2913 929 2956 Bellum
960 2914 1166 2958 adversus
1201 2915 1440 2960 Cantabros
1481 2919 1526 2960 et
1554 2915 1739 2959 Astures
1772 2917 1950 2973 geritur,
1990 2929 2045 2959 ex
2076 2917 2231 2972 quibus

761 2972 863 3015 Sex.
898 2972 1140 3028 Appuleius
1173 2987 1344 3029 procos.
1378 2975 1404 3017 7
1439 2975 1529 3018 Cal.
1560 2975 1687 3018 Febr.
1719 2976 1966 3031 triumphat.

819 3030 1046 3075 Cornelius
1082 3031 1247 3085 Gallus,
1280 3034 1383 3076 olim
1413 3033 1616 3090 Aegypto
1649 3034 1908 3089 praefectus,
1951 3033 2066 3089 quod
2097 3034 2233 3076 multa

763 3092 915 3132 contra
937 3090 1184 3147 Augustum
1216 3094 1259 3133 et
1289 3092 1400 3134 dixit
1430 3095 1474 3134 et
1493 3093 1611 3144 fecit,
1645 3092 1956 3135 condemnatus
1978 3095 2116 3135 semet
2135 3093 2230 3148 ipse

757 3148 979 3192 interimit.
1045 3149 1093 3202 C.
1127 3150 1303 3193 Sentius
1337 3151 1597 3194 Saturninus
1629 3151 1801 3207 Syriam
1832 3150 2024 3207 provinc.
2058 3152 2230 3207 accipit.

818 3207 952 3263 Septa
989 3208 1100 3251 Iulia
1145 3209 1191 3251 in
1239 3222 1391 3265 campo
1428 3210 1581 3252 Martio
1629 3210 1686 3256 ab⁴
1721 3209 1916 3267 Agrippa
1963 3210 2230 3263 dedicantur,

639 3310 642 3311 ⁷
758 3264 840 3308 Dio
874 3266 996 3310 Cass.
1029 3267 1100 3321 53,
1132 3267 1204 3311 23.
1266 3267 1330 3311 Cf.
1365 3268 1455 3311 Cic.
1489 3269 1543 3312 ad
1574 3267 1769 3312 Atticum
1797 3270 1840 3322 4,
1876 3269 1929 3312 16
1961 3269 2035 3312 fin.

342 3321 398 3366 25
457 3322 542 3366 729
636 3323 661 3366 6
724 3323 824 3367 Cos.
869 3325 1022 3367 Caesar
1058 3327 1271 3382 Auqustus
1307 3328 1401 3380 IX,
1448 3328 1512 3370 M.
1552 3328 1697 3370 Iunius
1727 3327 1937 3379 Silanus.)
2005 3329 2230 3384 Augustus

667 3411 671 3414 -
759 3383 874 3426 hunc
916 3396 1085 3439 quoque
1134 3387 1406 3429 consulatum
1446 3387 1691 3430 Tarracone
1727 3388 1830 3439 init,
1877 3387 2149 3430 administrat
2185 3388 2230 3429 in

757 3441 968 3497 Hispania
997 3444 1158 3486 bellum
1188 3445 1395 3488 adversus
1433 3445 1658 3488 Cantabros
1689 3448 1734 3488 et
1761 3445 1959 3498 Astures,
1992 3446 2069 3488 sed
2101 3459 2230 3501 aeger

761 3499 1049 3543 Tarraconem
1077 3516 1301 3557 reversus,
1343 3505 1437 3548 eius
1468 3505 1532 3547 rei
1563 3517 1710 3547 curam
1742 3504 1790 3548 C.
1821 3504 2027 3557 Antistio,
2065 3505 2115 3546 T.
2149 3504 2230 3547 Ca-

759 3559 864 3601 risio
897 3559 1053 3615 legatis
1086 3563 1337 3605 committit:
1371 3563 1545 3607 domitis
1567 3563 1656 3607 illis
1679 3560 1895 3619 gentibus,
1928 3566 2228 3605 veteranorum

762 3617 933 3665 colonia
977 3618 1199 3677 Augusta·
1227 3621 1419 3664 Emerita
1469 3622 1515 3665 in
1560 3622 1787 3665 Lusitania
1840 3622 2038 3664 conditur
2086 3620 2226 3682 (Aug.
