2392 4016
335 171 419 215 174

333 339 418 404 2⁸68

331 1009 416 1051 269

330 1302 417 1346 270

330 1951 414 1995 271

329 2127 414 2171 272

329 2362 414 2406 273

328 2658 414 2703 274

1105 168 1284 208 Annales
1313 168 1484 208 Romani

483 325 520 347 u.
537 324 570 347 c.
616 314 712 355 imp

483 360 591 404 1021
644 358 698 403 16
747 357 814 402 Ibi
855 356 955 401 dum
1001 357 1047 401 in
1090 358 1244 401 castris
1286 360 1484 401 versatur
1523 357 1771 411 Gallienus,
1807 356 1985 401 Aureoli
2023 357 2195 410 fraude,

784 418 1019 461 coniuratis
1060 418 1268 460 militibus
1300 416 1578 470 interficitur,
1618 430 1728 460 anno
1759 392 1959 470 ineunte,
2000 417 2185 460 Paterno
2217 417 2260 460 II

785 478 830 518 et
858 476 1094 519 Mariniano
1127 488 1216 519 cos.
1276 476 1428 532 Neque
1458 479 1602 519 tamen
1630 477 1908 528 insidiarum,
1946 488 2071 531 quam
2116 488 2260 531 spera-

784 537 918 587 verat,
949 535 1193 577 mercedem
1222 532 1437 578 Aureolus
1476 535 1578 578 fert:
1621 549 1719 578 nam
1758 536 1812 578 ad
1852 535 2112 578 deditionem
2145 547 2258 576 com-

671 595 691 638 1
785 594 938 650 pulsus
979 593 1257 647 interficitur,
1299 594 1362 636 M.
1401 594 1596 637 Aurelius
1639 594 1955 636 CLAUDIUS
1993 592 2259 645 (Gothicus),

787 665 843 695 ex
872 651 1091 695 Dardania
1130 653 1315 696 obscuro
1356 665 1514 710 genere
1556 655 1699 706 ortus,
1739 653 1816 696 sed
1854 654 2013 696 bellica
2052 652 2178 694 laude
2218 656 2261 694 et

785 711 955 754 iustitia
986 711 1150 765 clarus,
1192 713 1244 755 ab
1277 713 1472 755 exercitu
1502 713 1736 768 imperator
1767 712 1990 755 salutatur.
2053 712 2136 753 Hic
2167 714 2259 752 tan-

785 770 884 813 dem
914 773 1104 814 veterem
1134 771 1258 814 Rom.
1290 771 1494 814 virtutem
1526 771 1719 814 ostendit
1748 771 1991 826 divinisque
2022 770 2258 812 honoribus

762 829 984 879 ,Gallieno
1026 830 1212 873 decretis
1251 829 1515 873 Alemannos
1562 829 1616 872 ad
1661 830 1804 873 lacum
1841 830 2061 873 Benacum
2110 829 2258 871 vincit.

783 887 912 941 Inde,
961 890 1124 932 omissa
1164 888 1327 943 Gallia,
1376 889 1538 933 bellum
1584 889 1856 932 barbaricum
1901 887 2257 945 praevertendum
2341 925 2347 930 .
2384 900 2392 959 ’ἐ

781 949 901 989 ratus

481 1007 594 1051 1022
656 1006 682 1048 2
745 1005 918 1056 <iterum
948 1017 1038 1047 cos.
1071 1018 1168 1048 cum
1198 1004 1402 1056 Paterno)
1434 1005 1641 1048 adversus
1678 1006 1845 1058 Gothos,
1879 1004 2185 1049 Cassandriam
2217 1008 2261 1047 et

785 1062 1142 1105 Thessalonicam
1172 1063 1218 1105 in
1239 1064 1402 1107 Maced.
1426 1064 1650 1107 obsidione
1670 1067 1916 1120 prementes
1949 1063 2106 1116 (etiam
2128 1065 2259 1106 Athe-

784 1134 862 1164 nas
894 1125 998 1164 tunc
1038 1121 1254 1165 insedisse
1295 1121 1525 1174 dicuntur)
1563 1122 1874 1178 proficiscitur,
1921 1136 2082 1178 eosque
2119 1124 2258 1166 tribus

783 1181 1034 1237 ingentibus
1056 1181 1234 1237 proeliis
1255 1181 1383 1225 factis
1406 1181 1537 1233 (unde
1559 1181 1755 1224 Gothicus
1775 1181 2038 1237 appellatur)
2071 1186 2258 1237 superat.

781 1240 971 1282 Plotinus
999 1240 1282 1296 philosophus
1315 1241 1360 1283 in
1393 1239 1630 1296 Campania
1659 1242 1869 1284 mortuus.

482 1302 594 1346 1023
658 1299 684 1342 3
746 1297 1063 1352 (Antiochiano
1103 1302 1147 1342 et
1187 1299 1320 1342 Orfito
1369 1299 1476 1350 cOS.)
1519 1299 1726 1343 Claudius
1768 1299 1933 1342 Gothos
1979 1299 2026 1342 in
2069 1302 2260 1342 montem

783 1358 997 1401 Haemum
1018 1358 1267 1415 compulsos
1298 1371 1475 1415 prorsus
1508 1360 1693 1401 devincit.
1755 1358 1843 1402 Sed
1872 1370 1960 1401 non
1979 1358 2114 1401 multo
2145 1361 2259 1414 post,

784 1430 934 1460 mense
981 1417 1142 1474 Aprili,
1194 1417 1343 1461 Sirmii
1380 1418 1528 1461 morbo
1571 1417 1754 1460 decedit.
1834 1417 1888 1460 Ei
1935 1419 2125 1460 omnium
2173 1418 2258 1473 leg.

785 1489 1003 1520 consensu
1034 1477 1150 1528 (nam
1187 1476 1430 1530 Quintillus,
1465 1476 1636 1520 Claudii
1666 1476 1818 1528 frater,
1860 1477 1934 1532 qui
1964 1477 2127 1519 Romae
2159 1490 2259 1532 pur-

669 1536 690 1577 1
783 1548 935 1590 puram
957 1539 1214 1591 sumpserat,
1246 1537 1332 1579 cito
1352 1535 1514 1592 periit),
1547 1535 1744 1579 succedit
1763 1536 1817 1578 L.
1838 1537 2046 1578 Domitius
2065 1536 2259 1578 AURE-

783 1594 1034 1648 LIANUS,
1067 1595 1250 1651 ignobili
1280 1608 1439 1652 genere
1469 1596 1516 1638 in
1538 1595 1674 1638 Dacia
1705 1597 1839 1647 ortus,
1872 1596 1946 1650 qui
1965 1596 2151 1651 primum
2181 1596 2259 1637 mi-

784 1653 904 1696 litiae
951 1653 1130 1709 gradum
1177 1655 1258 1698 sub
1308 1653 1489 1697 Claudio
1530 1656 1749 1707 tenuerat,
1794 1654 2052 1706 immodicae
2100 1654 2259 1697 severi-

782 1712 908 1764 tatis,
942 1713 1020 1754 sed
1051 1713 1106 1754 ad
1134 1713 1452 1756 restituendum
1485 1714 1588 1769 imp.
1619 1713 1745 1755 Rom.
1777 1716 1919 1756 natus.
1981 1713 2024 1756 Is
2057 1713 2258 1756 stabilem

783 1783 883 1872 (111111
906 1769 1061 1814 Gothis
1092 1784 1244 1828 pacem
1274 1772 1392 1825 fecit,
1423 1773 1569 1814 relicta
1598 1773 1824 1828 provincia
1842 1774 1997 1826 Dacia,
2030 1775 2150 1815 trans
2173 1772 2256 1815 Da-

781 1842 840 1872 nu
871 1842 960 1872 lum
992 1830 1087 1873 sita.

841 1888 1108 1945 Porphyrius
1130 1889 1311 1946 triginta
1329 1889 1536 1932 librorum
1560 1901 1668 1946 opus
1691 1891 1842 1932 contra
1863 1888 2132 1932 Christianos
2155 1889 2256 1932 edit.

482 1950 595 1994 1024
658 1949 684 1992 2
745 1947 852 2003 Imp.
884 1948 1134 1990 Aurelianus
1164 1949 1280 2002 (cos.
1314 1961 1411 1992 cum
1445 1948 1624 1992 Ceionio
1655 1948 1776 1992 Virio
1803 1948 1946 1991 'Basso
1978 1947 2045 1999 II)
2089 1948 2258 1991 Italiam

780 2005 1117 2050 Alemannorum
1161 2008 1514 2064 populationibus
1568 2007 1752 2060 liberat,
1799 2007 1962 2051 Romae
2019 2007 2255 2051 seditiones

782 2067 1040 2122 comprimit,
1071 2069 1206 2110 urbem
1236 2069 1361 2110 muris
1391 2068 1516 2110 novis
1549 2067 1723 2136 cingere
1755 2067 1912 2122 coepit.

479 2126 591 2171 1025
653 2127 680 2171 3
740 2125 846 2168 Inde
878 2138 966 2168 cos.
1002 2125 1156 2178 Quieto
1190 2129 1232 2169 et
1264 2126 1551 2170 Voldumiano
1590 2127 1637 2169 in
1667 2126 1817 2168 Asiam
1847 2124 2129 2181 proficiscens
2161 2126 2256 2168 bar-

782 2184 910 2228 baros
931 2185 1045 2242 ultra
1065 2186 1310 2229 Danubium
1334 2186 1574 2237 submovet,
1608 2185 1761 2241 Tyana
1782 2185 1911 2240 capit,
1945 2184 2117 2240 Syriam
2147 2185 2256 2241 ipse,

783 2242 1000 2286 Zenobiae
1041 2244 1177 2300 copiis
1216 2245 1366 2297 victis,
1404 2244 1451 2286 in
1488 2246 1750 2299 potestatem
1787 2244 1969 2299 redigit,
2007 2243 2257 2300 Aegyptum

780 2315 857 2357 per
891 2303 1076 2356 Probum,
1110 2303 1302 2359 legatum
1334 2316 1480 2356 suum,
1512 2305 1752 2358 recuperat.

479 2362 592 2406 1026
653 2362 681 2404 4
744 2360 844 2404 Cos.
867 2360 1021 2404 Tacito
1053 2364 1097 2404 et
1117 2362 1367 2405 Placidiano
1399 2363 1541 2417 ipsam
1561 2362 1795 2417 Palmyram
1826 2361 2052 2404 obsidione
2082 2362 2253 2417 premit,

780 2419 975 2476 reginam
1014 2433 1069 2463 ex
1107 2421 1211 2477 fuga
1249 2423 1480 2464 retractam
1521 2421 1661 2477 capit,
1706 2420 1856 2463 urbem
1904 2420 2116 2473 deditam,
2158 2434 2256 2463 cum

780 2479 910 2534 paulo
941 2482 1042 2535 post
1071 2480 1348 2533 rebellasset,
1389 2481 1528 2522 diruit.
1597 2480 1762 2521 Cassius
1791 2480 2027 2533 Lonyinus,
2061 2480 2258 2535 sophista

784 2537 999 2592 Graecus,
1038 2540 1112 2595 qui
1151 2540 1369 2583 Zenobiae
1409 2539 1549 2595 gratia
1584 2538 1808 2591 floruerat,
1849 2541 2001 2594 captus
2041 2539 2255 2606 supplicio

784 2596 982 2639 afficitur.

478 2658 590 2702 1027
653 2656 679 2701 5
739 2654 1000 2699 Aurelianus
1042 2655 1156 2707 (cos.
1188 2655 1232 2699 II
1271 2669 1368 2699 cum
1411 2656 1458 2700 G.
1492 2656 1602 2699 Iulio
1647 2655 1917 2712 Capitolino)
1957 2658 2112 2711 pacata
2149 2656 2257 2700 Asia

715 2715 718 2718 ’
779 2717 908 2784 atque
930 2714 1147 2772 Aegypto,
1178 2715 1253 2758 ubi
1282 2715 1455 2759 Firmus
1486 2717 1697 2771 tyrannus
1730 2716 1946 2767 extiterat,
1979 2714 2073 2757 adv.
2111 2715 2154 2757 0.
2177 2715 2256 2758 Pe-

780 2776 934 2816 suvium
960 2773 1173 2827 Tetricum,
1206 2775 1281 2830 qui
1312 2789 1410 2818 cum
1439 2774 1544 2828 filio,
1577 2787 1705 2830 quem
1736 2773 1967 2818 Caesarem
1998 2773 2179 2826 dixerat,
2210 2775 2256 2816 in

784 2831 938 2876 Galliis
961 2833 1273 2887 dominabatur,
1304 2833 1608 2890 proficiscitur,
1641 2834 1718 2877 sed
1738 2834 1826 2886 ille,
1859 2826 2062 2876 eductis'
2050 2847 2095 2875 111
2118 2834 2255 2876 aciem

781 2892 997 2947 utrimque
1029 2893 1192 2948 copiis,
1233 2867 1346 2936 ultro
1387 2906 1433 2936 se
1467 2893 1598 2936 dedit.
1658 2892 1938 2945 Aurelianus,
1977 2892 2106 2935 rebus
2141 2905 2254 2934 com-

781 2951 959 3006 positis,
991 2951 1173 2994 Romam
1203 2952 1472 3008 triumphans
1505 2951 1727 3008 quadrigis
1760 2952 2084 3007 elephantorum
2113 2964 2255 2993 rever-

783 3022 879 3063 sus,
927 3012 970 3053 et
999 3010 1216 3053 Zenobiae
1258 3013 1303 3054 et
1339 3012 1512 3054 Tetrico
1551 3012 1704 3066 parcit.
1780 3010 1947 3053 Novam
1987 3010 2252 3065 provinciam

779 3068 959 3111 Daciam
990 3069 1227 3112 constituit.

329 3130 416 3175 275
482 3130 595 3174 1028
657 3127 683 3172 6
744 3126 1002 3171 Aurelianus
1043 3141 1131 3172 cos.
1164 3127 1231 3171 III
1273 3141 1372 3171 cum
1411 3128 1461 3170 Τ.
1494 3127 1637 3171 Nonio
1668 3127 1918 3171 Marcellino
1959 3139 2058 3169 cum
2096 3127 2252 3170 iterum

781 3187 828 3229 in
859 3186 1077 3230 Orientem
1109 3187 1204 3230 adv.
1234 3187 1391 3230 Persas
1422 3187 1643 3243 profectus
1687 3189 1824 3240 esset,
1862 3186 2011 3228 fraude
2041 3186 2254 3230 Mnesthei

780 3246 924 3288 liberti
955 3247 1024 3289 sui
1056 3246 1368 3303 Caenophrurii
1395 3246 1509 3290 inter
1528 3246 1784 3290 Heracleam
1816 3248 1860 3288 et
1890 3245 2150 3300 Byzantium
2181 3258 2253 3288 ne—

782 3307 917 3348 catur.
978 3305 1160 3359 Milites,
1199 3305 1368 3349 facinus
1400 3305 1501 3358 ulti,
1539 3306 1860 3349 honestissimis
1892 3305 2095 3360 precibus
2128 3317 2251 3348 sena—

781 3366 873 3407 tum
923 3376 977 3406 ex
1016 3377 1094 3407 suo
1142 3377 1321 3421 corpore
1367 3362 1693 3421 imperatorem'
1719 3364 1880 3420 eligere
1918 3363 2081 3406 iubent.
2151 3364 2252 3405 Post

781 3430 932 3465 sextum
976 3438 1140 3466 mensem
1187 3423 1213 3466 ‘a‘
1255 3423 1345 3467 Cal.
1390 3424 1483 3467 Oct.
1523 3424 1625 3480 imp.
1665 3424 1907 3467 declaratur
1954 3423 2016 3464 M.
2055 3423 2251 3464 Claudius

785 3481 1067 3535 TACITUS,
1107 3495 1243 3526 senex
1282 3484 1562 3545 venerabiIiS,
1611 3484 1815 3544 princeps
1855 3484 2044 3526 senatus.
2113 3481 2251 3523 Roma

780 3541 1000 3599 profectus
1032 3513 1086 3585 a’d
1117 3542 1353 3586 exercitum
