2392 4016
282 246 365 289 122
1049 247 1228 287 Annales
1258 250 1431 289 Romani

277 401 307 423 a.
318 392 402 424 Chr.
493 402 515 423 n
545 401 564 423 c

673 437 931 482 decernitur.
1004 439 1166 483 Caesar
1205 439 1411 495 quicquid
1448 442 1549 495 post
1588 452 1687 483 eum
1717 441 1854 493 diem,
1897 454 1982 497 quo
2014 443 2112 486 trib.
2145 443 2203 499 pl.

672 495 989 554 profugissent,
1029 501 1172 541 actum
1213 501 1351 551 esset,
1392 500 1543 541 contra
1580 498 1701 555 leges
1739 499 1901 544 factum
1932 513 2030 544 esse
2070 504 2205 554 ratus,

672 555 917 600 Rubiconem
953 558 1109 600 transit
1147 557 1394 613 bellumque
1441 570 1591 613 gerere
1629 559 1795 615 incipit.
1878 558 2067 603 Corfinio
2108 573 2205 603 cum

650 615 851 671 ‘triginta
889 616 1137 659 cohortibus
1178 618 1222 659 et
1259 615 1308 659 L.
1341 616 1531 659 Domitio
1563 616 1746 671 tradito,
1785 618 2067 669 Brundisium
2108 631 2205 674 pro-

623 697 625 700 ·
656 677 808 731 (perat,
850 687 934 731 quo
965 675 1198 731 Pompeius
1230 676 1465 718 contractis
1497 687 1776 732 quascunque
1814 678 1958 732 potuit
1988 677 2126 733 copiis
2157 690 2206 720 se

653 733 934 787 {contuleram
973 746 1157 790 eumque
1197 734 1389 788 obsidet,
1436 746 1576 790 neque
1616 737 1760 778 tamen
1797 736 2006 792 impedire
2045 739 2203 792 potest,

654 793 900 848 ¹quominus
940 805 1038 836 cum
1078 794 1195 836 omni
1233 794 1429 836 exercitu
1468 793 1515 836 in
1556 792 1784 837 Graeciam
1824 808 1862 837 a.
1903 795 1944 837 d.
1984 804 2071 836 xv!
2114 794 2204 838 Cal.

651 852 776 908 :Aprs
807 852 1008 895 traiiciat.
1060 852 1166 895 Inde
1188 852 1639 896 Romam-conversus
1661 852 1857 897 Siciliam
1887 866 1937 896 ac
1961 853 2206 897 Sardiniam

652 918 749 966 'per
777 910 946 967 legatos
979 914 1164 967 occupat
1192 912 1408 967 rebusque
1428 924 1506 967 pro
1528 914 1722 968 tempore
1744 913 1999 968 compositis
2022 913 2101 963 (M.
2119 912 2206 955 An·

671 970 838 1012 tonium
867 970 1018 1013 Italiae
1049 970 1280 1026 praefecit,
1323 971 1449 1013 cuius
1479 971 1618 1026 opera'
1643 970 1794 1014 exules
1825 972 2076 1014 restituerat
2105 970 2206 1014 Gal-

646 1030 656 1073 ,·”
671 1028 810 1083 lisque
850 1029 1152 1084 transpadanis
1203 1029 1423 1072 civitatem
1469 1029 1671 1079 dederat)
1711 1030 1756 1072 in
1801 1030 1925 1086 Hisp.
1967 1030 2205 1082 contendit,

644 1082 823 1149 {relicto
863 1086 918 1128 ad
947 1087 1185 1130 Massiliam
1226 1087 1559 1143 expugnandam
1590 1081 1822 1131 Trebonio.
1841 1089 1866 1096 ''
1892 1087 2117 1132 Afranium
2162 1092 2207 1132 et

670 1144 888 1188 Petreium
927 1145 1045 1188 circa
1065 1145 1260 1188 >Ilerdam
1300 1145 1356 1188 ad
1394 1144 1658 1188 deditionem
1696 1146 1834 1201 adigit
1864 1160 1902 1189 a.
1935 1147 1975 1190 d.
2008 1157 2058 1189 lv
2089 1148 2201 1191 Non.

672 1204 790 1256 Sex„
821 1204 867 1246 in
890 1203 1344 1260 ulteriore'provmcia
1357 1203 1415 1247 M.
1433 1204 1569 1247 Varro
1591 1204 1645 1248 ab
1667 1205 1863 1247 exercitu
1884 1205 2083 1249 desertus
2105 1219 2204 1250 sese

671 1262 802 1306 dedit.
862 1262 1015 1306 Eidem
1047 1264 1258 1307 exercitui
1290 1266 1333 1306 et
1362 1263 1612 1319 provinciae
1642 1262 1891 1319 praeficitur
1922 1263 1970 1316 Q.
2005 1263 2201 1308 Cassius.

670 1322 843 1365 Interea
878 1322 1175 1366 Massilienses
1216 1336 1242 1365 a
1273 1322 1491 1365 Trebonio
1531 1321 1909 1366 vehementissime
1952 1325 2205 1380 oppugnati,

672 1381 851 1424 Caesari
882 1393 929 1424 se
961 1381 1136 1424 dedunt.
1189 1380 1258 1424 Ad
1289 1394 1418 1437 quam
1447 1381 1598 1424 urbem
1630 1382 1822 1424 versanti
1842 1383 2077 1435 nuntiatur,
2109 1396 2207 1426 eum

660 1441 790 1496 ‘scirca
828 1440 891 1490 Id.
933 1440 1053 1484 Sext.
1085 1440 1249 1483 Romae
1295 1454 1322 1483 a
1351 1439 1406 1483 M.
1437 1439 1604 1496 Lepido
1643 1442 1779 1496 praet.
1817 1440 2074 1484 dictatorem
2113 1443 2206 1485 sine

660 1503 782 1556 lmag.
805 1512 870 1555 eq.
892 1500 1165 1543 comitiorum
1185 1499 1633 1543 habendorum-causa
1653 1492 1831 1552 dictum,
1854 1513 1880 1542 a
1899 1513 1983 1558 quo
2007 1495 2076 1544 die
2100 1500 2207 1544 Cae-

659 1559 786 1602 ‘saris
816 1571 864 1601 re
898 1571 999 1601 num
1029 1559 1060 1601 4
1091 1571 1301 1601 annorum
1331 1561 1376 1601 et
1406 1558 1432 1601 7
1454 1559 1669 1601 mensium
1698 1560 1916 1602 numerari
1948 1572 1997 1602 so
2017 1562 2072 1602 et.
2142 1563 2208 1604 mt

656 1616 770 1661 ieum
805 1612 1012 1660 Honorem
1051 1613 1846 1663 1ffiffizxevfi'fitffi‘y‘2m2urfieffi
1854 1616 2206 1670 “‚'““'sed'‘²c“'61'nitiis

669 1677 829 1720 habitis
860 1679 964 1731 post
993 1677 1196 1720 undecim
1226 1677 1320 1720 dies
1353 1690 1402 1720 se
1433 1676 1620 1729 abdicat,
1662 1674 1887 1732 Romaque
1917 1691 2067 1721 mense
2098 1678 2204 1722 Dec.

668 1735 974 1792 proficiscitur.

729 1795 902 1837 Interea
925 1793 972 1837 C.
998 1793 1148 1849 Curio,
1176 1807 1201 1836 a
1223 1793 1408 1837 Caesare
1439 1795 1615 1846 missus,
1648 1794 1843 1838 Siciliam
1874 1795 1920 1837 in
1949 1797 2110 1851 potest.
2140 1808 2205 1838 re-

959 1851 1011 1861 Ρ...

669 1854 795 1910 digit,
827 1853 906 1896 sed
934 1850 981 1895 1‘11
1009 1845 1201 1895 A'fffcam
1230 1855 1533 1909 transgressus
1565 1865 1664 1896 cum
1695 1854 1892 1897 exercitu
1921 1867 1946 1895 a
1974 1854 2082 1897 Iuba
2101 1867 2206 1910 rege

668 1913 844 1956 Numid.
877 1912 1084 1955 caeditur.
1132 1911 1181 1954 P.
1215 1911 1343 1955 Corn.
1375 1911 1615 1964 Dolabella,
1648 1910 1850 1969 Caesaris
1883 1912 2070 1968 legatus,
2102 1913 2206 1969 Illy-

668 1973 760 2015 rico
791 1985 816 2014 a
846 1971 1123 2028 Pompeianis
1155 1971 1401 2027 expellitur.
1460 1970 1617 2029 Cicero
1620 2003 1638 2029 2
1658 1973 1919 2031 “postquam
1941 1972 2242 2041 aliquamdiu}

644 2008 748 2136 'pgr
778 2030 956 2092 praedia
987 2042 1067 2073 sua
1096 2030 1250 2073 Italica
1281 2031 1452 2083 erravit,
1482 2029 1661 2073 ineunte
1691 2043 1840 2076 mense
1871 2029 1996 2074 Iunio
2024 2030 2206 2087 Pompe·
2235 2044 2244 2084 ς

662 2086 1558 2147 '1u1if'fii1‘'Macedoniaff‘cnnse'qusturr³”·
1621 2096 1625 2097 ’
1743 2098 1746 2099 ’
2082 2098 2202 2103 ”““““
2235 2086 2246 2120 i

334 2150 394 2193 48
473 2149 559 2193 706
621 2149 722 2193 Cos.
759 2149 803 2192 C.
832 2146 1260 2201 'lundif‘c'dbsdff'IL‘
1279 2148 1333 2191 'R
1355 2148 1558 2191 Servilius
1583 2148 1711 2190 Vatia
1729 2147 1981 2199 Isauricus.)
2044 2147 2206 2192 Caesar

669 2221 735 2264 pr.
765 2207 879 2251 Non.
908 2207 1077 2250 Ianuar.
1111 2220 1210 2250 cum
1241 2207 1267 2250 7
1299 2207 1557 2263 legionibus
1577 2205 1701 2258 (circ.
1728 2206 1882 2250 16000
1901 2206 2045 2258 milit.)
2066 2207 2206 2251 Brun-

448 2284 451 2286 v
481 2268 534 2306 52
671 2267 792 2310 disio'
821 2267 868 2309 in
901 2265 1130 2310 Graeciam
1169 2267 1352 2318 traiicit‚
1395 2266 1571 2309 Oricum
1604 2264 1966 2321 Apolloniamque
2005 2269 2204 2322 occupat,

454 2326 572 2366 Caes.
671 2328 816 2369 castra
843 2326 967 2381 ponit
998 2325 1052 2368 ad
1080 2324 1242 2367 fiumen
1270 2323 1462 2380 Apsum,
1500 2327 1621 2367 trans
1653 2336 1782 2379 quem
1821 2337 1919 2367 cum
1961 2324 1986 2368 9
2017 2325 2102 2381 leg.
2145 2326 2204 2368 ci-

655 2386 788 2428 ·vium
817 2384 941 2427 Rom.
981 2387 1025 2427 et
1061 2383 1231 2440 magnis
1269 2385 1590 2440 provinciarum
1632 2383 2071 2439 auxiliisPompeius
2103 2397 2203 2426 con-

673 2444 800 2488 sedit.
873 2442 982 2487 Cum
1014 2442 1222 2496 Caesare,
1259 2443 1518 2486 transmisso
1557 2455 1655 2485 cum
1683 2441 1715 2484 4
1745 2442 1830 2498 leg.
1861 2443 1991 2495 mari,
2029 2443 2084 2484 M.
2115 2442 2204 2486 An-

480 2505 534 2544 59
669 2504 815 2546 tonius
847 2503 1140 2558 coniungitur.
1193 2502 1300 2545 Inde
1331 2503 1449 2545 circa
1468 2501 1756 2558 Dyrrachium
1785 2503 1929 2544 castra
1950 2502 2106 2544 castris
2129 2515 2203 2558 op-

467 2562 552 2602 Cic.
662 2564 852 2619 ponunt,
898 2562 1188 2618 operibusque
1226 2562 1367 2604 omnis
1409 2562 1582 2618 generis
1624 2559 1835 2618 faciendis
1875 2560 1984 2603 alter
2021 2561 2205 2604 alterum

669 2623 845 2665 vincere
867 2621 1056 2664 student.
1112 2620 1222 2664 Cum
1242 2621 1477 2677 Pompeius
1498 2620 1697 2676 superior
1715 2618 1856 2662 factus
1878 2622 2009 2672 esset,
2042 2619 2205 2663 Caesar

672 2681 859 2738 erumpit
898 2683 943 2723 et
981 2682 1028 2723 in
1060 2679 1332 2723 Thessaliam
1369 2679 1681 2736 proficiscitur3
1720 2679 1915 2734 sequitur
1944 2679 2096 2734 Pomp.
2135 2692 2203 2722 as·

671 2740 941 2796 sumptisque
971 2739 1138 2782 duabus
1171 2739 1364 2795 Syriacis
1392 2739 1656 2795 zlegionibuS,
1687 2749 1795 2794 quas
1822 2737 1976 2793 ,Scipio
2008 2738 2198 2781 adduxe-

671 2801 763 2851 rat,
802 2811 901 2841 cum
943 2798 1130 2842 Caesare
1168 2811 1206 2841 a.
1248 2798 1287 2841 d.
1329 2807 1359 2840 v
1399 2798 1462 2841 Id.
1495 2796 1598 2853 Sex.
1636 2798 1698 2857 gd
1723 2797 1969 2839 Pharsalum
2008 2796 2206 2853 confligit

674 2858 823 2909 (cuius
856 2858 1072 2900 exercitus
1114 2856 1268 2901 22000
1299 2859 1412 2910 erat,
1452 2870 1552 2900 cum
1581 2856 1731 2911 Pomp.
1763 2845 1918 2899 Ξῧόᾶῖ
1949 2855 2202 2908 armasset),

673 2917 751 2960 sed
773 2916 989 2972 equitibus
1011 2917 1195 2971 turpiter
1212 2917 1258 2959 in
1278 2916 1426 2972 fugam
1447 2916 1658 2959 coniectis
1678 2915 1880 2958 vincitur.
1927 2915 2202 2971 Expugnatis

671 2976 802 3019 etiam
833 2976 1003 3028 castris,
1033 2976 1230 3031 protinus
1262 2974 1498 3028 Larissam,
1528 2974 1631 3017 inde
1651 2972 1958 3029 Amphipolim,
1990 2976 2091 3029 post
2108 2974 2202 3029 My-

671 3035 828 3078 tilenas
858 3033 990 3090 fugit,
1028 3034 1207 3076 relictus
1241 3035 1459 3077 exercitus
1493 3033 1671 3077 Caesari
1700 3032 1892 3084 deditur,
1924 3032 2082 3074 ducum
2111 3032 2202 3087 ple-

670 3095 794 3149 rique
832 3093 1016 3136 diversis
1057 3092 1284 3135 itineribus
1323 3093 1485 3135 tutiora
1523 3093 1698 3147 petunt,
1738 3091 1813 3133 alii
1852 3104 1950 3133 cum
1985 3091 2127 3134 classe
2155 3092 2202 3134 in

654 3151 864 3202 ,Africam
893 3152 1128 3195 traiiciunt.
1188 3150 1289 3207 Ipse
1318 3151 1469 3207 Pomp.
1501 3152 1597 3193 cum
1629 3149 1783 3192 Rhodo
1815 3149 2028 3206 Syriaque
2057 3150 2201 3206 prohi-

655 3205 858 3265 {beretun
889 3210 1139 3267 Aegyptum
1169 3211 1291 3265 petit,
1321 3210 1468 3266 ibique
1500 3223 1525 3252 a
1554 3209 1688 3265 regiis
1710 3209 1921 3251 ministris
1942 3208 2201 3252 interficitur

654 3266 737 3341 [ΙΙΙ
769 3270 859 3314 Cal.
893 3269 987 3312 Oct.
1021 3269 1181 3326 <pridie
1213 3269 1401 3312 natalem
1430 3267 1598 3325 ipsius)
1631 3267 1688 3311 58
1719 3280 1856 3310 annos
1888 3270 2029 3310 natus.

729 3329 907 3381 Interim
927 3327 1092 3371 Romae
1121 3330 1294 3384 praetor
1323 3328 1378 3371 M.
1402 3327 1576 3371 Caelius
1605 3340 1740 3383 remp.
1770 3322 1949 3370 turbans
1982 3340 2008 3369 a
2029 3325 2077 3370 C.
2096 3327 2200 3370 Tre-

669 3389 800 3432 bonio
829 3390 965 3444 praet.
998 3388 1103 3431 urbe
1135 3387 1381 3442 expellitur,
1413 3390 1458 3430 et
1487 3400 1586 3431 cum
1618 3386 1669 3429 Τ.
1688 3385 1848 3429 Milone
1880 3385 2007 3428 exule
2037 3386 2235 3429 bellum·

670 3448 868 3500 molitus‚='
892 3447 1023 3490 armis
1056 3446 1323 3502 opprimitur.
1584 3494 1590 3499 ,

592 3550 597 3551 ⁷
732 3506 894 3551 Caesar
906 3502 1167 3565 'Pompeium
1196 3505 1420 3549 insecutus
1450 3505 1627 3558 ineunte
1650 3503 1744 3556 Qut.
1765 3501 2082 3557 &exandream
2102 3515 2197 3558 per-

671 3557 1388 3620 venit“}55h‘tb'ntionesque'regum
1410 3561 1725 3620 Aegyptiorum
1755 3562 1988 3616 componit.
2035 3561 2198 3604 Romae

596 3619 602 3626 ’
673 3624 789 3674 circa
817 3621 929 3668 med.
962 3623 1056 3666 Oct.
1089 3635 1187 3665 cum
1218 3622 1292 3664 alii
1322 3622 1488 3665 insoliti
1518 3623 1702 3668 honores
1733 3621 1775 3663 ei
1805 3620 2064 3677 tribuuntur,
2104 3622 2195 3668 tum
