<?xml version="1.0" encoding="UTF-8"?>
<!DOCTYPE html PUBLIC "-//W3C//DTD XHTML 1.0 Transitional//EN"
    "http://www.w3.org/TR/xhtml1/DTD/xhtml1-transitional.dtd">
<html xmlns="http://www.w3.org/1999/xhtml" xml:lang="en" lang="en">
 <head>
  <title>
</title>
<meta http-equiv="Content-Type" content="text/html;charset=utf-8" />
  <meta name='ocr-system' content='tesseract 3.04.00' />
  <meta name='ocr-capabilities' content='ocr_page ocr_carea ocr_par ocr_line ocrx_word'/>
</head>
<body>
  <div class='ocr_page' id='page_1' title='image "annalesveterumre00zumpuoft_0060.png"; bbox 0 0 2392 4016; ppageno 0'>
   <div class='ocr_carea' id='block_1_1' title="bbox 329 183 1535 236">
    <p class='ocr_par' dir='ltr' id='par_1_1' title="bbox 329 183 1535 236">
     <span class='ocr_line' id='line_1_1' title="bbox 329 183 1535 236; baseline -0.005 -6"><span class='ocrx_word' id='word_1_1' title='bbox 329 186 387 230; x_wconf 90' lang='lat'><strong>30</strong></span> <span class='ocrx_word' id='word_1_2' title='bbox 1027 184 1243 236; x_wconf 76' lang='lat' dir='ltr'><strong>Imperium</strong></span> <span class='ocrx_word' id='word_1_3' title='bbox 1277 183 1535 226; x_wconf 79' lang='lat' dir='ltr'><strong>Graecorum.</strong></span> 
     </span>
    </p>
   </div>
   <div class='ocr_carea' id='block_1_2' title="bbox 294 374 1922 2837">
    <p class='ocr_par' dir='ltr' id='par_1_2' title="bbox 294 374 1922 2837">
     <span class='ocr_line' id='line_1_2' title="bbox 387 374 1914 431; baseline 0.001 -13"><span class='ocrx_word' id='word_1_4' title='bbox 387 376 575 418; x_wconf 87' lang='lat' dir='ltr'><strong>minonda</strong></span> <span class='ocrx_word' id='word_1_5' title='bbox 605 375 728 419; x_wconf 90' lang='lat' dir='ltr'><strong>duce.</strong></span> <span class='ocrx_word' id='word_1_6' title='bbox 784 374 987 419; x_wconf 75' lang='lat' dir='ltr'><em>Chabrias</em></span> <span class='ocrx_word' id='word_1_7' title='bbox 1005 374 1104 419; x_wconf 77' lang='lat' dir='ltr'><strong>Ath,</strong></span> <span class='ocrx_word' id='word_1_8' title='bbox 1137 377 1394 420; x_wconf 90' lang='lat' dir='ltr'><strong>coniunctus</strong></span> <span class='ocrx_word' id='word_1_9' title='bbox 1426 389 1524 421; x_wconf 90' lang='lat' dir='ltr'><strong>cum</strong></span> <span class='ocrx_word' id='word_1_10' title='bbox 1544 377 1914 431; x_wconf 82' lang='lat' dir='ltr'><strong>Lacedaemoniis,</strong></span> 
     </span>
     <span class='ocr_line' id='line_1_3' title="bbox 388 435 1569 492; baseline 0.003 -16"><span class='ocrx_word' id='word_1_11' title='bbox 388 435 543 490; x_wconf 88' lang='lat' dir='ltr'><strong>quibus</strong></span> <span class='ocrx_word' id='word_1_12' title='bbox 576 435 705 477; x_wconf 89' lang='lat' dir='ltr'><strong>etiam</strong></span> <span class='ocrx_word' id='word_1_13' title='bbox 736 435 972 491; x_wconf 84' lang='lat' dir='ltr'><strong>Dionysius</strong></span> <span class='ocrx_word' id='word_1_14' title='bbox 1002 438 1212 492; x_wconf 88' lang='lat' dir='ltr'><strong>tyrannus</strong></span> <span class='ocrx_word' id='word_1_15' title='bbox 1245 437 1407 479; x_wconf 86' lang='lat' dir='ltr'><strong>auxilia</strong></span> <span class='ocrx_word' id='word_1_16' title='bbox 1436 437 1569 479; x_wconf 90' lang='lat' dir='ltr'><strong>mittit</strong></span> 
     </span>
     <span class='ocr_line' id='line_1_4' title="bbox 328 493 1915 550; baseline 0.001 -14"><span class='ocrx_word' id='word_1_17' title='bbox 328 493 557 550; x_wconf 83' lang='lat' dir='ltr'>Pelopidas</span> <span class='ocrx_word' id='word_1_18' title='bbox 589 494 635 536; x_wconf 93' lang='lat' dir='ltr'><strong>in</strong></span> <span class='ocrx_word' id='word_1_19' title='bbox 667 493 939 538; x_wconf 81' lang='lat' dir='ltr'><strong>Thessaliam</strong></span> <span class='ocrx_word' id='word_1_20' title='bbox 969 495 1129 537; x_wconf 88' lang='lat' dir='ltr'><strong>missus</strong></span> <span class='ocrx_word' id='word_1_21' title='bbox 1163 496 1332 550; x_wconf 88' lang='lat' dir='ltr'><strong>capitur</strong></span> <span class='ocrx_word' id='word_1_22' title='bbox 1362 496 1414 539; x_wconf 93' lang='lat' dir='ltr'><strong>ab</strong></span> <span class='ocrx_word' id='word_1_23' title='bbox 1435 496 1683 540; x_wconf 86' lang='lat' dir='ltr'><strong>Alexandro</strong></span> <span class='ocrx_word' id='word_1_24' title='bbox 1710 497 1915 547; x_wconf 83' lang='lat' dir='ltr'><strong>Pheraeo,</strong></span> 
     </span>
     <span class='ocr_line' id='line_1_5' title="bbox 387 553 1108 609; baseline 0.003 -15"><span class='ocrx_word' id='word_1_25' title='bbox 387 553 594 595; x_wconf 86' lang='lat' dir='ltr'><strong>liberatur</strong></span> <span class='ocrx_word' id='word_1_26' title='bbox 624 564 755 609; x_wconf 85' lang='lat' dir='ltr'><strong>opera</strong></span> <span class='ocrx_word' id='word_1_27' title='bbox 784 553 1108 608; x_wconf 83' lang='lat' dir='ltr'><strong>Epaminondae</strong></span> 
     </span>
     <span class='ocr_line' id='line_1_6' title="bbox 328 611 1919 669; baseline 0.001 -16"><span class='ocrx_word' id='word_1_28' title='bbox 328 611 448 654; x_wconf 88' lang='lat' dir='ltr'><strong>Idem</strong></span> <span class='ocrx_word' id='word_1_29' title='bbox 479 612 653 654; x_wconf 89' lang='lat' dir='ltr'><strong>tertium</strong></span> <span class='ocrx_word' id='word_1_30' title='bbox 691 612 737 654; x_wconf 88' lang='lat' dir='ltr'><strong>in</strong></span> <span class='ocrx_word' id='word_1_31' title='bbox 767 611 1114 667; x_wconf 84' lang='lat' dir='ltr'><strong>Peloponnesum</strong></span> <span class='ocrx_word' id='word_1_32' title='bbox 1153 612 1352 668; x_wconf 82' lang='lat' dir='ltr'><strong>irrumpit</strong></span> <span class='ocrx_word' id='word_1_33' title='bbox 1381 611 1665 669; x_wconf 89' lang='lat' dir='ltr'><strong>Achaeosque</strong></span> <span class='ocrx_word' id='word_1_34' title='bbox 1696 613 1751 656; x_wconf 89' lang='lat' dir='ltr'><strong>ad</strong></span> <span class='ocrx_word' id='word_1_35' title='bbox 1782 613 1919 655; x_wconf 91' lang='lat' dir='ltr'><strong>socie-</strong></span> 
     </span>
     <span class='ocr_line' id='line_1_7' title="bbox 386 670 1071 727; baseline 0 -15"><span class='ocrx_word' id='word_1_36' title='bbox 386 672 519 712; x_wconf 89' lang='lat' dir='ltr'><strong>tatem</strong></span> <span class='ocrx_word' id='word_1_37' title='bbox 553 683 651 713; x_wconf 90' lang='lat' dir='ltr'><strong>cum</strong></span> <span class='ocrx_word' id='word_1_38' title='bbox 683 670 901 713; x_wconf 89' lang='lat' dir='ltr'><strong>Thebanis</strong></span> <span class='ocrx_word' id='word_1_39' title='bbox 934 670 1071 727; x_wconf 82' lang='lat' dir='ltr'><strong>adigit</strong></span> 
     </span>
     <span class='ocr_line' id='line_1_8' title="bbox 327 728 1918 785; baseline -0.001 -14"><span class='ocrx_word' id='word_1_40' title='bbox 327 728 558 784; x_wconf 91' lang='lat' dir='ltr'><strong>Pelopidas</strong></span> <span class='ocrx_word' id='word_1_41' title='bbox 590 729 644 771; x_wconf 88' lang='lat' dir='ltr'><strong>ad</strong></span> <span class='ocrx_word' id='word_1_42' title='bbox 664 741 812 785; x_wconf 86' lang='lat' dir='ltr'><strong>regem</strong></span> <span class='ocrx_word' id='word_1_43' title='bbox 832 729 1062 771; x_wconf 86' lang='lat' dir='ltr'><strong>Persarum</strong></span> <span class='ocrx_word' id='word_1_44' title='bbox 1083 729 1252 785; x_wconf 85' lang='lat' dir='ltr'><strong>legatus</strong></span> <span class='ocrx_word' id='word_1_45' title='bbox 1274 728 1580 784; x_wconf 89' lang='lat' dir='ltr'><strong>proficiscitur.</strong></span> <span class='ocrx_word' id='word_1_46' title='bbox 1627 728 1794 772; x_wconf 83' lang='lat' dir='ltr'><strong>Ibidem</strong></span> <span class='ocrx_word' id='word_1_47' title='bbox 1815 728 1918 771; x_wconf 88' lang='lat' dir='ltr'><strong>alia-</strong></span> 
     </span>
     <span class='ocr_line' id='line_1_9' title="bbox 382 786 1331 843; baseline 0.001 -15"><span class='ocrx_word' id='word_1_48' title='bbox 382 801 480 829; x_wconf 92' lang='lat' dir='ltr'><strong>·rum</strong></span> <span class='ocrx_word' id='word_1_49' title='bbox 513 786 774 830; x_wconf 79' lang='lat' dir='ltr'><strong>Graecarum</strong></span> <span class='ocrx_word' id='word_1_50' title='bbox 807 788 1029 830; x_wconf 80' lang='lat' dir='ltr'><strong>civitatum</strong></span> <span class='ocrx_word' id='word_1_51' title='bbox 1059 787 1193 843; x_wconf 87' lang='lat' dir='ltr'><strong>legati</strong></span> <span class='ocrx_word' id='word_1_52' title='bbox 1229 790 1331 830; x_wconf 91' lang='lat' dir='ltr'><strong>sunt</strong></span> 
     </span>
     <span class='ocr_line' id='line_1_10' title="bbox 328 844 1919 902; baseline -0.001 -16"><span class='ocrx_word' id='word_1_53' title='bbox 328 846 536 887; x_wconf 78' lang='lat' dir='ltr'><strong>Philiscus</strong></span> <span class='ocrx_word' id='word_1_54' title='bbox 567 846 619 889; x_wconf 93' lang='lat' dir='ltr'><strong>ab</strong></span> <span class='ocrx_word' id='word_1_55' title='bbox 650 846 892 889; x_wconf 78' lang='lat' dir='ltr'><strong>Artaxerxe</strong></span> <span class='ocrx_word' id='word_1_56' title='bbox 922 847 1098 899; x_wconf 88' lang='lat' dir='ltr'><strong>missus,</strong></span> <span class='ocrx_word' id='word_1_57' title='bbox 1139 859 1236 889; x_wconf 89' lang='lat' dir='ltr'><strong>cum</strong></span> <span class='ocrx_word' id='word_1_58' title='bbox 1266 846 1426 888; x_wconf 85' lang='lat' dir='ltr'><strong>frustra</strong></span> <span class='ocrx_word' id='word_1_59' title='bbox 1454 858 1608 902; x_wconf 85' lang='lat' dir='ltr'><strong>pacem</strong></span> <span class='ocrx_word' id='word_1_60' title='bbox 1636 844 1919 888; x_wconf 88' lang='lat' dir='ltr'><strong>reconciliare</strong></span> 
     </span>
     <span class='ocr_line' id='line_1_11' title="bbox 389 904 1920 960; baseline -0.001 -14"><span class='ocrx_word' id='word_1_61' title='bbox 389 905 642 957; x_wconf 84' lang='lat' dir='ltr'><strong>studuisset,</strong></span> <span class='ocrx_word' id='word_1_62' title='bbox 682 905 1050 948; x_wconf 89' lang='lat' dir='ltr'><strong>Lacedaemonios</strong></span> <span class='ocrx_word' id='word_1_63' title='bbox 1082 906 1267 960; x_wconf 90' lang='lat' dir='ltr'><strong>pecunia</strong></span> <span class='ocrx_word' id='word_1_64' title='bbox 1298 905 1486 958; x_wconf 86' lang='lat' dir='ltr'><strong>adiuvat,</strong></span> <span class='ocrx_word' id='word_1_65' title='bbox 1525 906 1600 960; x_wconf 90' lang='lat' dir='ltr'><strong>qui</strong></span> <span class='ocrx_word' id='word_1_66' title='bbox 1630 904 1740 947; x_wconf 89' lang='lat' dir='ltr'><strong>duce</strong></span> <span class='ocrx_word' id='word_1_67' title='bbox 1771 904 1920 945; x_wconf 83' lang='lat' dir='ltr'><strong>Archi-</strong></span> 
     </span>
     <span class='ocr_line' id='line_1_12' title="bbox 389 962 1657 1019; baseline 0.002 -15"><span class='ocrx_word' id='word_1_68' title='bbox 389 964 504 1005; x_wconf 86' lang='lat' dir='ltr'><strong>damo</strong></span> <span class='ocrx_word' id='word_1_69' title='bbox 534 964 804 1006; x_wconf 84' lang='lat' dir='ltr'><strong>incruentam</strong></span> <span class='ocrx_word' id='word_1_70' title='bbox 836 964 888 1006; x_wconf 93' lang='lat' dir='ltr'><strong>de</strong></span> <span class='ocrx_word' id='word_1_71' title='bbox 910 962 1151 1006; x_wconf 85' lang='lat' dir='ltr'><strong>Arcadibus</strong></span> <span class='ocrx_word' id='word_1_72' title='bbox 1181 964 1406 1006; x_wconf 82' lang='lat' dir='ltr'><strong>victoriam</strong></span> <span class='ocrx_word' id='word_1_73' title='bbox 1433 966 1657 1019; x_wconf 85' lang='lat' dir='ltr'><strong>reportant</strong></span> 
     </span>
     <span class='ocr_line' id='line_1_13' title="bbox 330 1021 1482 1076; baseline 0.001 -13"><span class='ocrx_word' id='word_1_74' title='bbox 330 1021 497 1076; x_wconf 89' lang='lat' dir='ltr'><strong>Oropus</strong></span> <span class='ocrx_word' id='word_1_75' title='bbox 531 1022 583 1063; x_wconf 88' lang='lat' dir='ltr'><strong>ab</strong></span> <span class='ocrx_word' id='word_1_76' title='bbox 614 1021 952 1069; x_wconf 87' lang='lat' dir='ltr'><strong>Atheniensibus</strong></span> <span class='ocrx_word' id='word_1_77' title='bbox 985 1022 1040 1063; x_wconf 90' lang='lat' dir='ltr'><strong>ad</strong></span> <span class='ocrx_word' id='word_1_78' title='bbox 1072 1022 1301 1064; x_wconf 87' lang='lat' dir='ltr'><strong>Thebanos</strong></span> <span class='ocrx_word' id='word_1_79' title='bbox 1335 1021 1482 1064; x_wconf 90' lang='lat' dir='ltr'><strong>deficit</strong></span> 
     </span>
     <span class='ocr_line' id='line_1_14' title="bbox 335 1079 1919 1135; baseline 0 -14"><span class='ocrx_word' id='word_1_80' title='bbox 335 1080 535 1121; x_wconf 84' lang='lat' dir='ltr'><strong>Corinthii</strong></span> <span class='ocrx_word' id='word_1_81' title='bbox 565 1092 796 1134; x_wconf 91' lang='lat' dir='ltr'><strong>eorumque</strong></span> <span class='ocrx_word' id='word_1_82' title='bbox 830 1080 940 1122; x_wconf 89' lang='lat' dir='ltr'><strong>socii</strong></span> <span class='ocrx_word' id='word_1_83' title='bbox 969 1080 1151 1122; x_wconf 87' lang='lat' dir='ltr'><strong>Phliasii</strong></span> <span class='ocrx_word' id='word_1_84' title='bbox 1179 1093 1333 1135; x_wconf 89' lang='lat' dir='ltr'><strong>pacem</strong></span> <span class='ocrx_word' id='word_1_85' title='bbox 1361 1080 1527 1123; x_wconf 85' lang='lat' dir='ltr'><strong>faciunt</strong></span> <span class='ocrx_word' id='word_1_86' title='bbox 1557 1093 1654 1123; x_wconf 90' lang='lat' dir='ltr'><strong>cum</strong></span> <span class='ocrx_word' id='word_1_87' title='bbox 1686 1079 1919 1131; x_wconf 88' lang='lat' dir='ltr'><strong>Thebanis,</strong></span> 
     </span>
     <span class='ocr_line' id='line_1_15' title="bbox 386 1137 1922 1193; baseline 0 -13"><span class='ocrx_word' id='word_1_88' title='bbox 386 1139 491 1180; x_wconf 89' lang='lat' dir='ltr'><strong>item</strong></span> <span class='ocrx_word' id='word_1_89' title='bbox 521 1139 694 1192; x_wconf 74' lang='lat' dir='ltr'><strong>Aryivi5</strong></span> <span class='ocrx_word' id='word_1_90' title='bbox 734 1138 1068 1181; x_wconf 89' lang='lat' dir='ltr'><strong>Lacedaemonii</strong></span> <span class='ocrx_word' id='word_1_91' title='bbox 1103 1141 1250 1181; x_wconf 87' lang='lat' dir='ltr'><strong>tamen</strong></span> <span class='ocrx_word' id='word_1_92' title='bbox 1288 1138 1343 1180; x_wconf 89' lang='lat' dir='ltr'><strong>ad</strong></span> <span class='ocrx_word' id='word_1_93' title='bbox 1378 1138 1504 1193; x_wconf 86' lang='lat' dir='ltr'><strong>pacis</strong></span> <span class='ocrx_word' id='word_1_94' title='bbox 1538 1138 1816 1181; x_wconf 82' lang='lat' dir='ltr'><strong>condiciones</strong></span> <span class='ocrx_word' id='word_1_95' title='bbox 1848 1137 1922 1180; x_wconf 90' lang='lat' dir='ltr'><strong>de-</strong></span> 
     </span>
     <span class='ocr_line' id='line_1_16' title="bbox 387 1196 1402 1249; baseline 0.001 -11"><span class='ocrx_word' id='word_1_96' title='bbox 387 1196 595 1239; x_wconf 88' lang='lat' dir='ltr'><strong>scendere</strong></span> <span class='ocrx_word' id='word_1_97' title='bbox 627 1197 791 1249; x_wconf 90' lang='lat' dir='ltr'><strong>nolunt,</strong></span> <span class='ocrx_word' id='word_1_98' title='bbox 824 1210 877 1239; x_wconf 92' lang='lat' dir='ltr'><strong>ne</strong></span> <span class='ocrx_word' id='word_1_99' title='bbox 909 1197 1170 1240; x_wconf 91' lang='lat' dir='ltr'><strong>Messeniam</strong></span> <span class='ocrx_word' id='word_1_100' title='bbox 1202 1197 1402 1239; x_wconf 88' lang='lat' dir='ltr'><strong>amittant</strong></span> 
     </span>
     <span class='ocr_line' id='line_1_17' title="bbox 327 1253 1920 1311; baseline -0.001 -14"><span class='ocrx_word' id='word_1_101' title='bbox 327 1253 379 1298; x_wconf 82' lang='lat' dir='ltr'><strong>In</strong></span> <span class='ocrx_word' id='word_1_102' title='bbox 398 1255 651 1298; x_wconf 87' lang='lat' dir='ltr'><strong>Macedonia</strong></span> <span class='ocrx_word' id='word_1_103' title='bbox 681 1257 903 1298; x_wconf 84' lang='lat' dir='ltr'><strong>Perdiccas</strong></span> <span class='ocrx_word' id='word_1_104' title='bbox 922 1256 1004 1297; x_wconf 93' lang='lat' dir='ltr'><strong>III</strong></span> <span class='ocrx_word' id='word_1_105' title='bbox 1031 1256 1201 1298; x_wconf 85' lang='lat' dir='ltr'><strong>sublato</strong></span> <span class='ocrx_word' id='word_1_106' title='bbox 1233 1256 1481 1302; x_wconf 81' lang='lat' dir='ltr'><strong>Ptolemaeo</strong></span> <span class='ocrx_word' id='word_1_107' title='bbox 1511 1267 1694 1311; x_wconf 88' lang='lat' dir='ltr'><strong>regnum</strong></span> <span class='ocrx_word' id='word_1_108' title='bbox 1723 1254 1920 1309; x_wconf 85' lang='lat' dir='ltr'><strong>adeptus,</strong></span> 
     </span>
     <span class='ocr_line' id='line_1_18' title="bbox 385 1313 1921 1370; baseline -0.001 -14"><span class='ocrx_word' id='word_1_109' title='bbox 385 1315 566 1370; x_wconf 86' lang='lat' dir='ltr'><strong>triginta</strong></span> <span class='ocrx_word' id='word_1_110' title='bbox 597 1315 771 1358; x_wconf 88' lang='lat' dir='ltr'><strong>obsides</strong></span> <span class='ocrx_word' id='word_1_111' title='bbox 796 1315 1016 1358; x_wconf 87' lang='lat' dir='ltr'><strong>Thebanis</strong></span> <span class='ocrx_word' id='word_1_112' title='bbox 1047 1314 1192 1368; x_wconf 83' lang='lat' dir='ltr'><strong>tradit,</strong></span> <span class='ocrx_word' id='word_1_113' title='bbox 1225 1315 1423 1370; x_wconf 91' lang='lat' dir='ltr'><strong>interque</strong></span> <span class='ocrx_word' id='word_1_114' title='bbox 1457 1327 1532 1357; x_wconf 91' lang='lat' dir='ltr'><strong>eos</strong></span> <span class='ocrx_word' id='word_1_115' title='bbox 1556 1315 1805 1369; x_wconf 77' lang='lat' dir='ltr'><strong>Philippum,</strong></span> <span class='ocrx_word' id='word_1_116' title='bbox 1836 1313 1921 1354; x_wconf 85' lang='lat' dir='ltr'><strong>fra-</strong></span> 
     </span>
     <span class='ocr_line' id='line_1_19' title="bbox 384 1375 652 1416; baseline 0 -1"><span class='ocrx_word' id='word_1_117' title='bbox 384 1375 495 1415; x_wconf 90' lang='lat' dir='ltr'><strong>trem</strong></span> <span class='ocrx_word' id='word_1_118' title='bbox 527 1386 652 1416; x_wconf 90' lang='lat' dir='ltr'><strong>suum</strong></span> 
     </span>
     <span class='ocr_line' id='line_1_20' title="bbox 328 1431 1919 1488; baseline -0.001 -15"><span class='ocrx_word' id='word_1_119' title='bbox 328 1432 648 1488; x_wconf 89' lang='lat' dir='ltr'><strong>Epaminondas</strong></span> <span class='ocrx_word' id='word_1_120' title='bbox 682 1446 779 1475; x_wconf 87' lang='lat' dir='ltr'><strong>cum</strong></span> <span class='ocrx_word' id='word_1_121' title='bbox 812 1433 952 1476; x_wconf 88' lang='lat' dir='ltr'><strong>classe</strong></span> <span class='ocrx_word' id='word_1_122' title='bbox 985 1432 1289 1475; x_wconf 89' lang='lat' dir='ltr'><strong>Thebanorum</strong></span> <span class='ocrx_word' id='word_1_123' title='bbox 1327 1445 1465 1488; x_wconf 89' lang='lat' dir='ltr'><strong>usque</strong></span> <span class='ocrx_word' id='word_1_124' title='bbox 1506 1432 1561 1474; x_wconf 91' lang='lat' dir='ltr'><strong>ad</strong></span> <span class='ocrx_word' id='word_1_125' title='bbox 1588 1431 1919 1487; x_wconf 84' lang='lat' dir='ltr'><strong>Hellespontum</strong></span> 
     </span>
     <span class='ocr_line' id='line_1_21' title="bbox 388 1492 1226 1547; baseline -0.001 -14"><span class='ocrx_word' id='word_1_126' title='bbox 388 1492 566 1547; x_wconf 85' lang='lat' dir='ltr'><strong>navigat</strong></span> <span class='ocrx_word' id='word_1_127' title='bbox 715 1543 717 1545; x_wconf 17' lang='grc' dir='ltr'><strong><em>ι</em></strong></span> <span class='ocrx_word' id='word_1_128' title='bbox 1222 1512 1226 1515; x_wconf 58' lang='lat'>&lt;</span> 
     </span>
     <span class='ocr_line' id='line_1_22' title="bbox 327 1549 1917 1605; baseline -0.001 -14"><span class='ocrx_word' id='word_1_129' title='bbox 327 1549 498 1592; x_wconf 86' lang='lat' dir='ltr'><strong>Novum</strong></span> <span class='ocrx_word' id='word_1_130' title='bbox 526 1550 689 1592; x_wconf 91' lang='lat' dir='ltr'><strong>bellum</strong></span> <span class='ocrx_word' id='word_1_131' title='bbox 717 1550 764 1592; x_wconf 89' lang='lat' dir='ltr'><strong>in</strong></span> <span class='ocrx_word' id='word_1_132' title='bbox 794 1550 1094 1605; x_wconf 91' lang='lat' dir='ltr'><strong>Peloponneso</strong></span> <span class='ocrx_word' id='word_1_133' title='bbox 1126 1552 1326 1605; x_wconf 86' lang='lat' dir='ltr'><strong>eruperat</strong></span> <span class='ocrx_word' id='word_1_134' title='bbox 1354 1551 1468 1592; x_wconf 91' lang='lat' dir='ltr'><strong>inter</strong></span> <span class='ocrx_word' id='word_1_135' title='bbox 1497 1550 1683 1592; x_wconf 75' lang='lat' dir='ltr'><strong>Arcades</strong></span> <span class='ocrx_word' id='word_1_136' title='bbox 1713 1551 1757 1591; x_wconf 88' lang='lat' dir='ltr'><strong>et</strong></span> <span class='ocrx_word' id='word_1_137' title='bbox 1777 1549 1917 1590; x_wconf 86' lang='lat' dir='ltr'><strong>Eleos.</strong></span> 
     </span>
     <span class='ocr_line' id='line_1_23' title="bbox 384 1608 1916 1664; baseline -0.002 -13"><span class='ocrx_word' id='word_1_138' title='bbox 384 1609 443 1651; x_wconf 90' lang='lat' dir='ltr'><strong>Hi</strong></span> <span class='ocrx_word' id='word_1_139' title='bbox 462 1608 623 1651; x_wconf 86' lang='lat' dir='ltr'><strong>frustra</strong></span> <span class='ocrx_word' id='word_1_140' title='bbox 642 1610 710 1652; x_wconf 89' lang='lat' dir='ltr'><strong>ius</strong></span> <span class='ocrx_word' id='word_1_141' title='bbox 734 1622 860 1651; x_wconf 88' lang='lat' dir='ltr'><strong>suum</strong></span> <span class='ocrx_word' id='word_1_142' title='bbox 879 1609 1077 1651; x_wconf 92' lang='lat' dir='ltr'><strong>ludorum</strong></span> <span class='ocrx_word' id='word_1_143' title='bbox 1090 1609 1259 1664; x_wconf 79' lang='lat' dir='ltr'><strong>Olymp.</strong></span> <span class='ocrx_word' id='word_1_144' title='bbox 1278 1609 1565 1652; x_wconf 87' lang='lat' dir='ltr'><strong>curandorum</strong></span> <span class='ocrx_word' id='word_1_145' title='bbox 1581 1609 1711 1651; x_wconf 88' lang='lat' dir='ltr'><strong>armis</strong></span> <span class='ocrx_word' id='word_1_146' title='bbox 1727 1609 1916 1651; x_wconf 89' lang='lat' dir='ltr'><strong>tuentur.</strong></span> 
     </span>
     <span class='ocr_line' id='line_1_24' title="bbox 386 1667 1757 1723; baseline 0.001 -14"><span class='ocrx_word' id='word_1_147' title='bbox 386 1668 530 1710; x_wconf 86' lang='lat' dir='ltr'><strong>Pisaei</strong></span> <span class='ocrx_word' id='word_1_148' title='bbox 561 1670 604 1709; x_wconf 90' lang='lat' dir='ltr'><strong>et</strong></span> <span class='ocrx_word' id='word_1_149' title='bbox 633 1667 825 1710; x_wconf 88' lang='lat' dir='ltr'><strong>Arcades</strong></span> <span class='ocrx_word' id='word_1_150' title='bbox 857 1667 970 1710; x_wconf 88' lang='lat' dir='ltr'><strong>ludis</strong></span> <span class='ocrx_word' id='word_1_151' title='bbox 1002 1670 1210 1723; x_wconf 87' lang='lat' dir='ltr'><strong>praesunt</strong></span> <span class='ocrx_word' id='word_1_152' title='bbox 1753 1716 1757 1718; x_wconf 52' lang='grc'><em>,</em></span> 
     </span>
     <span class='ocr_line' id='line_1_25' title="bbox 331 1724 1916 1786; baseline -0.001 -19"><span class='ocrx_word' id='word_1_153' title='bbox 331 1726 598 1768; x_wconf 78' lang='lat' dir='ltr'><strong>Orchomenus</strong></span> <span class='ocrx_word' id='word_1_154' title='bbox 628 1740 654 1768; x_wconf 91' lang='lat' dir='ltr'><strong>a</strong></span> <span class='ocrx_word' id='word_1_155' title='bbox 685 1726 902 1769; x_wconf 89' lang='lat' dir='ltr'><strong>Thebanis</strong></span> <span class='ocrx_word' id='word_1_156' title='bbox 918 1729 1110 1786; x_wconf 49' lang='lat' dir='ltr'><strong>xpropter</strong></span> <span class='ocrx_word' id='word_1_157' title='bbox 1148 1727 1312 1782; x_wconf 87' lang='lat' dir='ltr'><strong>agitata</strong></span> <span class='ocrx_word' id='word_1_158' title='bbox 1342 1726 1598 1769; x_wconf 89' lang='lat' dir='ltr'><strong>defectionis</strong></span> <span class='ocrx_word' id='word_1_159' title='bbox 1630 1725 1814 1769; x_wconf 88' lang='lat' dir='ltr'><strong>consilia</strong></span> <span class='ocrx_word' id='word_1_160' title='bbox 1843 1724 1916 1766; x_wconf 92' lang='lat' dir='ltr'><strong>de-</strong></span> 
     </span>
     <span class='ocr_line' id='line_1_26' title="bbox 383 1785 1308 1827; baseline -0.001 -1"><span class='ocrx_word' id='word_1_161' title='bbox 383 1785 496 1827; x_wconf 90' lang='lat' dir='ltr'><strong>letur</strong></span> <span class='ocrx_word' id='word_1_162' title='bbox 1301 1812 1308 1818; x_wconf 61' lang='lat'><em>„</em></span> 
     </span>
     <span class='ocr_line' id='line_1_27' title="bbox 324 1841 1917 1897; baseline -0.001 -12"><span class='ocrx_word' id='word_1_163' title='bbox 324 1844 548 1897; x_wconf 86' lang='lat' dir='ltr'><strong>Pelopidas</strong></span> <span class='ocrx_word' id='word_1_164' title='bbox 576 1843 623 1884; x_wconf 92' lang='lat' dir='ltr'><strong>in</strong></span> <span class='ocrx_word' id='word_1_165' title='bbox 652 1843 766 1885; x_wconf 93' lang='lat' dir='ltr'><strong>bello</strong></span> <span class='ocrx_word' id='word_1_166' title='bbox 792 1845 942 1885; x_wconf 87' lang='lat' dir='ltr'><strong>contra</strong></span> <span class='ocrx_word' id='word_1_167' title='bbox 962 1841 1258 1885; x_wconf 83' lang='lat' dir='ltr'><strong>Alexandrum</strong></span> <span class='ocrx_word' id='word_1_168' title='bbox 1277 1843 1517 1886; x_wconf 87' lang='lat' dir='ltr'><strong>Pheraeum</strong></span> <span class='ocrx_word' id='word_1_169' title='bbox 1537 1844 1676 1887; x_wconf 86' lang='lat' dir='ltr'><strong>victor</strong></span> <span class='ocrx_word' id='word_1_170' title='bbox 1697 1842 1917 1885; x_wconf 91' lang='lat' dir='ltr'><strong>occumbit</strong></span> 
     </span>
     <span class='ocr_line' id='line_1_28' title="bbox 294 1882 1833 1966; baseline -0.001 -22"><span class='ocrx_word' id='word_1_171' title='bbox 294 1882 639 1966; x_wconf 69' lang='lat' dir='ltr'><strong>[Demosthenes</strong></span> <span class='ocrx_word' id='word_1_172' title='bbox 666 1903 849 1957; x_wconf 89' lang='lat' dir='ltr'><strong>primam</strong></span> <span class='ocrx_word' id='word_1_173' title='bbox 881 1902 1118 1944; x_wconf 87' lang='lat' dir='ltr'><strong>orationem</strong></span> <span class='ocrx_word' id='word_1_174' title='bbox 1148 1901 1279 1944; x_wconf 88' lang='lat' dir='ltr'><strong>habet</strong></span> <span class='ocrx_word' id='word_1_175' title='bbox 1308 1905 1459 1954; x_wconf 84' lang='lat' dir='ltr'><strong>contra</strong></span> <span class='ocrx_word' id='word_1_176' title='bbox 1487 1905 1655 1945; x_wconf 89' lang='lat' dir='ltr'><strong>tutores</strong></span> <span class='ocrx_word' id='word_1_177' title='bbox 1686 1913 1790 1944; x_wconf 88' lang='lat' dir='ltr'><strong>suos</strong></span> <span class='ocrx_word' id='word_1_178' title='bbox 1825 1927 1833 1933; x_wconf 87' lang='lat'>-</span> 
     </span>
     <span class='ocr_line' id='line_1_29' title="bbox 323 1959 1917 2016; baseline -0.001 -12"><span class='ocrx_word' id='word_1_179' title='bbox 323 1961 516 2004; x_wconf 82' lang='lat' dir='ltr'><strong>Arcades</strong></span> <span class='ocrx_word' id='word_1_180' title='bbox 559 1962 711 2015; x_wconf 86' lang='lat' dir='ltr'><strong>pacem</strong></span> <span class='ocrx_word' id='word_1_181' title='bbox 752 1960 918 2003; x_wconf 88' lang='lat' dir='ltr'><strong>faciunt</strong></span> <span class='ocrx_word' id='word_1_182' title='bbox 957 1973 1055 2003; x_wconf 91' lang='lat' dir='ltr'><strong>cum</strong></span> <span class='ocrx_word' id='word_1_183' title='bbox 1087 1960 1229 2013; x_wconf 87' lang='lat' dir='ltr'><strong>Eleis,</strong></span> <span class='ocrx_word' id='word_1_184' title='bbox 1269 1961 1347 2003; x_wconf 90' lang='lat' dir='ltr'><strong>sed</strong></span> <span class='ocrx_word' id='word_1_185' title='bbox 1382 1962 1497 2004; x_wconf 88' lang='lat' dir='ltr'><strong>inter</strong></span> <span class='ocrx_word' id='word_1_186' title='bbox 1535 1963 1672 2004; x_wconf 90' lang='lat' dir='ltr'><strong>semet</strong></span> <span class='ocrx_word' id='word_1_187' title='bbox 1708 1960 1796 2016; x_wconf 91' lang='lat' dir='ltr'><strong>ipsi</strong></span> <span class='ocrx_word' id='word_1_188' title='bbox 1830 1959 1917 2002; x_wconf 90' lang='lat' dir='ltr'><strong>dis-</strong></span> 
     </span>
     <span class='ocr_line' id='line_1_30' title="bbox 384 2020 565 2062; baseline -0.011 0"><span class='ocrx_word' id='word_1_189' title='bbox 384 2020 565 2062; x_wconf 89' lang='lat' dir='ltr'><strong>cordant</strong></span> 
     </span>
     <span class='ocr_line' id='line_1_31' title="bbox 326 2078 1917 2132; baseline -0.001 -12"><span class='ocrx_word' id='word_1_190' title='bbox 326 2078 522 2120; x_wconf 90' lang='lat' dir='ltr'><strong>Thebani</strong></span> <span class='ocrx_word' id='word_1_191' title='bbox 551 2078 877 2131; x_wconf 82' lang='lat' dir='ltr'><strong>Epaminondam</strong></span> <span class='ocrx_word' id='word_1_192' title='bbox 907 2079 1106 2131; x_wconf 89' lang='lat' dir='ltr'><strong>quartum</strong></span> <span class='ocrx_word' id='word_1_193' title='bbox 1138 2090 1236 2119; x_wconf 88' lang='lat' dir='ltr'><strong>cum</strong></span> <span class='ocrx_word' id='word_1_194' title='bbox 1267 2078 1538 2120; x_wconf 82' lang='lat' dir='ltr'><strong>exercituin</strong></span> <span class='ocrx_word' id='word_1_195' title='bbox 1567 2078 1917 2132; x_wconf 88' lang='lat' dir='ltr'><strong>Peloponnesum</strong></span> 
     </span>
     <span class='ocr_line' id='line_1_32' title="bbox 384 2135 1916 2191; baseline -0.001 -13"><span class='ocrx_word' id='word_1_196' title='bbox 384 2138 582 2188; x_wconf 90' lang='lat' dir='ltr'><strong>mittunt,</strong></span> <span class='ocrx_word' id='word_1_197' title='bbox 631 2136 947 2191; x_wconf 88' lang='lat' dir='ltr'><strong>prohibiturum</strong></span> <span class='ocrx_word' id='word_1_198' title='bbox 986 2148 1040 2177; x_wconf 91' lang='lat' dir='ltr'><strong>ne</strong></span> <span class='ocrx_word' id='word_1_199' title='bbox 1079 2135 1416 2178; x_wconf 87' lang='lat' dir='ltr'><strong>Lacedaemonii</strong></span> <span class='ocrx_word' id='word_1_200' title='bbox 1453 2137 1641 2191; x_wconf 89' lang='lat' dir='ltr'><strong>priorem</strong></span> <span class='ocrx_word' id='word_1_201' title='bbox 1678 2137 1916 2191; x_wconf 87' lang='lat' dir='ltr'><strong>potentiam</strong></span> 
     </span>
     <span class='ocr_line' id='line_1_33' title="bbox 384 2193 1915 2250; baseline -0.001 -14"><span class='ocrx_word' id='word_1_202' title='bbox 384 2197 640 2250; x_wconf 87' lang='lat' dir='ltr'><strong>recuperent</strong></span> <span class='ocrx_word' id='word_1_203' title='bbox 671 2197 715 2236; x_wconf 86' lang='lat' dir='ltr'><strong>et</strong></span> <span class='ocrx_word' id='word_1_204' title='bbox 730 2194 922 2236; x_wconf 88' lang='lat' dir='ltr'><strong>Arcades</strong></span> <span class='ocrx_word' id='word_1_205' title='bbox 955 2194 1040 2236; x_wconf 86' lang='lat' dir='ltr'><strong>sibi</strong></span> <span class='ocrx_word' id='word_1_206' title='bbox 1070 2194 1320 2249; x_wconf 86' lang='lat' dir='ltr'><strong>adiungant,</strong></span> <span class='ocrx_word' id='word_1_207' title='bbox 1352 2194 1401 2236; x_wconf 88' lang='lat' dir='ltr'><strong>fit</strong></span> <span class='ocrx_word' id='word_1_208' title='bbox 1432 2193 1521 2245; x_wconf 93' lang='grc'>(12.</span> <span class='ocrx_word' id='word_1_209' title='bbox 1546 2195 1793 2249; x_wconf 86' lang='lat' dir='ltr'><strong>Scirophor.</strong></span> <span class='ocrx_word' id='word_1_210' title='bbox 1824 2195 1852 2236; x_wconf 92' lang='lat' dir='ltr'><strong>i.</strong></span> <span class='ocrx_word' id='word_1_211' title='bbox 1877 2207 1915 2235; x_wconf 91' lang='lat' dir='ltr'><strong>e.</strong></span> 
     </span>
     <span class='ocr_line' id='line_1_34' title="bbox 385 2253 1918 2309; baseline 0 -14"><span class='ocrx_word' id='word_1_212' title='bbox 385 2253 541 2304; x_wconf 88' lang='lat' dir='ltr'><strong>3.1u1.)</strong></span> <span class='ocrx_word' id='word_1_213' title='bbox 573 2266 720 2309; x_wconf 86' lang='lat' dir='ltr'><strong>pugna</strong></span> <span class='ocrx_word' id='word_1_214' title='bbox 750 2253 805 2294; x_wconf 90' lang='lat' dir='ltr'><strong>ad</strong></span> <span class='ocrx_word' id='word_1_215' title='bbox 826 2253 1092 2304; x_wconf 79' lang='lat' dir='ltr'><strong>Mantineam,</strong></span> <span class='ocrx_word' id='word_1_216' title='bbox 1123 2253 1169 2294; x_wconf 91' lang='lat' dir='ltr'><strong>in</strong></span> <span class='ocrx_word' id='word_1_217' title='bbox 1200 2265 1284 2307; x_wconf 87' lang='lat' dir='ltr'><strong>qua</strong></span> <span class='ocrx_word' id='word_1_218' title='bbox 1304 2253 1626 2308; x_wconf 87' lang='lat' dir='ltr'><strong>Epaminondas</strong></span> <span class='ocrx_word' id='word_1_219' title='bbox 1657 2253 1798 2295; x_wconf 85' lang='lat' dir='ltr'><strong>victor</strong></span> <span class='ocrx_word' id='word_1_220' title='bbox 1827 2265 1918 2295; x_wconf 88' lang='lat' dir='ltr'><strong>mo-</strong></span> 
     </span>
     <span class='ocr_line' id='line_1_35' title="bbox 382 2310 1699 2367; baseline 0 -14"><span class='ocrx_word' id='word_1_221' title='bbox 382 2312 504 2354; x_wconf 84' lang='lat' dir='ltr'><strong>ritur.</strong></span> <span class='ocrx_word' id='word_1_222' title='bbox 568 2310 684 2362; x_wconf 87' lang='lat' dir='ltr'><strong>(Huc</strong></span> <span class='ocrx_word' id='word_1_223' title='bbox 716 2324 854 2366; x_wconf 90' lang='lat' dir='ltr'><strong>usque</strong></span> <span class='ocrx_word' id='word_1_224' title='bbox 885 2311 1132 2365; x_wconf 91' lang='lat' dir='ltr'><strong>Xenophon</strong></span> <span class='ocrx_word' id='word_1_225' title='bbox 1164 2311 1389 2353; x_wconf 87' lang='lat' dir='ltr'><strong>historiam</strong></span> <span class='ocrx_word' id='word_1_226' title='bbox 1421 2311 1699 2367; x_wconf 87' lang='lat' dir='ltr'><strong>composuit.)</strong></span> 
     </span>
     <span class='ocr_line' id='line_1_36' title="bbox 325 2369 1916 2426; baseline -0.001 -14"><span class='ocrx_word' id='word_1_227' title='bbox 325 2370 484 2413; x_wconf 89' lang='lat' dir='ltr'><strong>Pacem</strong></span> <span class='ocrx_word' id='word_1_228' title='bbox 522 2370 686 2412; x_wconf 85' lang='lat' dir='ltr'><strong>faciunt</strong></span> <span class='ocrx_word' id='word_1_229' title='bbox 733 2371 930 2412; x_wconf 83' lang='lat' dir='ltr'><strong>civitates</strong></span> <span class='ocrx_word' id='word_1_230' title='bbox 977 2369 1284 2425; x_wconf 85' lang='lat' dir='ltr'><strong>belligerantes</strong></span> <span class='ocrx_word' id='word_1_231' title='bbox 1324 2373 1496 2426; x_wconf 87' lang='lat' dir='ltr'><strong>praeter</strong></span> <span class='ocrx_word' id='word_1_232' title='bbox 1534 2370 1916 2421; x_wconf 87' lang='lat' dir='ltr'><strong>Lacedaemonios,</strong></span> 
     </span>
     <span class='ocr_line' id='line_1_37' title="bbox 383 2428 1308 2472; baseline 0 -2"><span class='ocrx_word' id='word_1_233' title='bbox 383 2429 627 2472; x_wconf 90' lang='lat' dir='ltr'><strong>libertatem</strong></span> <span class='ocrx_word' id='word_1_234' title='bbox 657 2430 972 2472; x_wconf 89' lang='lat' dir='ltr'><strong>Messeniorum</strong></span> <span class='ocrx_word' id='word_1_235' title='bbox 1003 2440 1090 2469; x_wconf 93' lang='lat' dir='ltr'><strong>non</strong></span> <span class='ocrx_word' id='word_1_236' title='bbox 1119 2428 1308 2470; x_wconf 90' lang='lat' dir='ltr'><strong>ferentes</strong></span> 
     </span>
     <span class='ocr_line' id='line_1_38' title="bbox 322 2486 1916 2543; baseline 0.001 -13"><span class='ocrx_word' id='word_1_237' title='bbox 322 2487 547 2542; x_wconf 74' lang='lat' dir='ltr'><strong>Ayesilaus</strong></span> <span class='ocrx_word' id='word_1_238' title='bbox 584 2489 629 2530; x_wconf 92' lang='lat' dir='ltr'><strong>in</strong></span> <span class='ocrx_word' id='word_1_239' title='bbox 659 2487 910 2543; x_wconf 82' lang='lat' dir='ltr'><strong>Aegyptum</strong></span> <span class='ocrx_word' id='word_1_240' title='bbox 946 2486 1238 2542; x_wconf 84' lang='lat' dir='ltr'><strong>proficiscitur</strong></span> <span class='ocrx_word' id='word_1_241' title='bbox 1277 2487 1332 2529; x_wconf 85' lang='lat' dir='ltr'><strong>ad</strong></span> <span class='ocrx_word' id='word_1_242' title='bbox 1363 2487 1578 2539; x_wconf 87' lang='lat' dir='ltr'><strong>Tachum,</strong></span> <span class='ocrx_word' id='word_1_243' title='bbox 1619 2487 1742 2529; x_wconf 90' lang='lat' dir='ltr'><strong>cuius</strong></span> <span class='ocrx_word' id='word_1_244' title='bbox 1782 2486 1916 2532; x_wconf 79' lang='lat' dir='ltr'><strong>classi.</strong></span> 
     </span>
     <span class='ocr_line' id='line_1_39' title="bbox 382 2545 1916 2602; baseline 0 -14"><span class='ocrx_word' id='word_1_245' title='bbox 382 2549 557 2602; x_wconf 87' lang='lat' dir='ltr'><strong>praeest</strong></span> <span class='ocrx_word' id='word_1_246' title='bbox 593 2547 796 2588; x_wconf 85' lang='lat' dir='ltr'><strong>Chabrias</strong></span> <span class='ocrx_word' id='word_1_247' title='bbox 833 2546 1126 2589; x_wconf 89' lang='lat' dir='ltr'><strong>Atheniensis.</strong></span> <span class='ocrx_word' id='word_1_248' title='bbox 1199 2546 1345 2588; x_wconf 88' lang='lat' dir='ltr'><strong>Tacho</strong></span> <span class='ocrx_word' id='word_1_249' title='bbox 1384 2559 1487 2588; x_wconf 91' lang='lat' dir='ltr'><strong>mox</strong></span> <span class='ocrx_word' id='word_1_250' title='bbox 1526 2546 1722 2588; x_wconf 91' lang='lat' dir='ltr'><strong>succedit</strong></span> <span class='ocrx_word' id='word_1_251' title='bbox 1758 2545 1916 2588; x_wconf 88' lang='lat' dir='ltr'><strong>Necta-</strong></span> 
     </span>
     <span class='ocr_line' id='line_1_40' title="bbox 383 2604 1505 2661; baseline 0 -14"><span class='ocrx_word' id='word_1_252' title='bbox 383 2606 535 2648; x_wconf 87' lang='lat' dir='ltr'><strong>nebus.</strong></span> <span class='ocrx_word' id='word_1_253' title='bbox 597 2604 830 2661; x_wconf 83' lang='lat' dir='ltr'><strong>Agesilaus</strong></span> <span class='ocrx_word' id='word_1_254' title='bbox 864 2605 1038 2647; x_wconf 89' lang='lat' dir='ltr'><strong>domum</strong></span> <span class='ocrx_word' id='word_1_255' title='bbox 1069 2607 1292 2647; x_wconf 82' lang='lat' dir='ltr'><strong>revertens</strong></span> <span class='ocrx_word' id='word_1_256' title='bbox 1325 2606 1505 2647; x_wconf 89' lang='lat' dir='ltr'><strong>moritur</strong></span> 
     </span>
     <span class='ocr_line' id='line_1_41' title="bbox 324 2662 1915 2719; baseline -0.001 -13"><span class='ocrx_word' id='word_1_257' title='bbox 324 2663 571 2707; x_wconf 87' lang='lat' dir='ltr'><strong>Alexander</strong></span> <span class='ocrx_word' id='word_1_258' title='bbox 602 2665 820 2707; x_wconf 89' lang='lat' dir='ltr'><strong>Pheraeus</strong></span> <span class='ocrx_word' id='word_1_259' title='bbox 839 2662 842 2665; x_wconf 78' lang='grc'><strong>’</strong></span> <span class='ocrx_word' id='word_1_260' title='bbox 862 2665 981 2706; x_wconf 84' lang='grc'>61166</span> <span class='ocrx_word' id='word_1_261' title='bbox 1018 2664 1099 2706; x_wconf 85' lang='grc'>1166</span> <span class='ocrx_word' id='word_1_262' title='bbox 1130 2666 1301 2719; x_wconf 90' lang='lat' dir='ltr'><strong>tempus</strong></span> <span class='ocrx_word' id='word_1_263' title='bbox 1339 2678 1365 2706; x_wconf 91' lang='lat' dir='ltr'><strong>a</strong></span> <span class='ocrx_word' id='word_1_264' title='bbox 1394 2664 1598 2706; x_wconf 88' lang='lat' dir='ltr'><strong>fratribus</strong></span> <span class='ocrx_word' id='word_1_265' title='bbox 1629 2663 1780 2706; x_wconf 89' lang='lat' dir='ltr'><strong>uxoris</strong></span> <span class='ocrx_word' id='word_1_266' title='bbox 1811 2675 1915 2705; x_wconf 89' lang='lat' dir='ltr'><strong>suae</strong></span> 
     </span>
     <span class='ocr_line' id='line_1_42' title="bbox 383 2724 608 2765; baseline 0 0"><span class='ocrx_word' id='word_1_267' title='bbox 383 2724 608 2765; x_wconf 85' lang='lat' dir='ltr'><strong>occiditur.</strong></span> 
     </span>
     <span class='ocr_line' id='line_1_43' title="bbox 323 2779 1658 2837; baseline -0.001 -13"><span class='ocrx_word' id='word_1_268' title='bbox 323 2780 613 2824; x_wconf 89' lang='lat' dir='ltr'><strong>Athenienses</strong></span> <span class='ocrx_word' id='word_1_269' title='bbox 647 2794 746 2823; x_wconf 89' lang='grc'>611111</span> <span class='ocrx_word' id='word_1_270' title='bbox 777 2781 994 2836; x_wconf 81' lang='lat' dir='ltr'><strong>Olynthiis</strong></span> <span class='ocrx_word' id='word_1_271' title='bbox 1027 2781 1079 2823; x_wconf 89' lang='lat' dir='ltr'><strong>de</strong></span> <span class='ocrx_word' id='word_1_272' title='bbox 1110 2779 1359 2837; x_wconf 89' lang='lat' dir='ltr'><strong>Amphipoli</strong></span> <span class='ocrx_word' id='word_1_273' title='bbox 1391 2780 1658 2823; x_wconf 88' lang='lat' dir='ltr'><strong>contendunt</strong></span> 
     </span>
    </p>
   </div>
   <div class='ocr_carea' id='block_1_3' title="bbox 291 2955 1914 3542">
    <p class='ocr_par' dir='ltr' id='par_1_3' title="bbox 323 2955 1914 3131">
     <span class='ocr_line' id='line_1_44' title="bbox 323 2955 1913 3010; baseline -0.002 -10"><span class='ocrx_word' id='word_1_274' title='bbox 323 2957 663 3000; x_wconf 70' lang='lat' dir='ltr'><strong>PHILIPPUS</strong></span> <span class='ocrx_word' id='word_1_275' title='bbox 694 2956 855 2998; x_wconf 90' lang='lat' dir='ltr'><strong>Thebis</strong></span> <span class='ocrx_word' id='word_1_276' title='bbox 887 2956 932 2997; x_wconf 93' lang='lat' dir='ltr'><strong>in</strong></span> <span class='ocrx_word' id='word_1_277' title='bbox 963 2955 1260 2998; x_wconf 88' lang='lat' dir='ltr'><strong>Macedoniam</strong></span> <span class='ocrx_word' id='word_1_278' title='bbox 1290 2969 1505 3008; x_wconf 87' lang='lat' dir='ltr'><strong>reversus,</strong></span> <span class='ocrx_word' id='word_1_279' title='bbox 1537 2958 1740 3010; x_wconf 91' lang='lat' dir='ltr'><strong>tutorque</strong></span> <span class='ocrx_word' id='word_1_280' title='bbox 1772 2955 1913 2997; x_wconf 88' lang='lat' dir='ltr'><strong>factus</strong></span> 
     </span>
     <span class='ocr_line' id='line_1_45' title="bbox 382 3012 1914 3072; baseline -0.003 -13"><span class='ocrx_word' id='word_1_281' title='bbox 382 3016 614 3072; x_wconf 82' lang='lat' dir='ltr'><strong>Amyntae,</strong></span> <span class='ocrx_word' id='word_1_282' title='bbox 646 3016 791 3058; x_wconf 89' lang='lat' dir='ltr'><strong>fratris</strong></span> <span class='ocrx_word' id='word_1_283' title='bbox 823 3014 1083 3067; x_wconf 88' lang='lat' dir='ltr'><strong>(Perdiccae</strong></span> <span class='ocrx_word' id='word_1_284' title='bbox 1115 3015 1181 3058; x_wconf 93' lang='lat' dir='ltr'><strong>III</strong></span> <span class='ocrx_word' id='word_1_285' title='bbox 1222 3015 1295 3070; x_wconf 88' lang='lat' dir='ltr'><strong>qui</strong></span> <span class='ocrx_word' id='word_1_286' title='bbox 1327 3015 1380 3057; x_wconf 89' lang='lat' dir='ltr'><strong>ab</strong></span> <span class='ocrx_word' id='word_1_287' title='bbox 1412 3015 1575 3070; x_wconf 83' lang='lat' dir='ltr'><strong>Illyriis</strong></span> <span class='ocrx_word' id='word_1_288' title='bbox 1608 3026 1762 3057; x_wconf 87' lang='lat' dir='ltr'><strong>caesus</strong></span> <span class='ocrx_word' id='word_1_289' title='bbox 1795 3012 1914 3066; x_wconf 87' lang='lat' dir='ltr'><strong>erat)</strong></span> 
     </span>
     <span class='ocr_line' id='line_1_46' title="bbox 382 3071 1445 3131; baseline -0.003 -13"><span class='ocrx_word' id='word_1_290' title='bbox 382 3075 473 3128; x_wconf 90' lang='lat' dir='ltr'><strong>filii,</strong></span> <span class='ocrx_word' id='word_1_291' title='bbox 505 3089 688 3131; x_wconf 84' lang='lat' dir='ltr'><strong>regnum</strong></span> <span class='ocrx_word' id='word_1_292' title='bbox 721 3076 905 3129; x_wconf 89' lang='lat' dir='ltr'><strong>occupat</strong></span> <span class='ocrx_word' id='word_1_293' title='bbox 936 3073 993 3116; x_wconf 86' lang='grc'><strong>23</strong></span> <span class='ocrx_word' id='word_1_294' title='bbox 1026 3087 1160 3116; x_wconf 90' lang='lat' dir='ltr'><strong>annos</strong></span> <span class='ocrx_word' id='word_1_295' title='bbox 1192 3077 1320 3116; x_wconf 89' lang='lat' dir='ltr'><strong>natus</strong></span> <span class='ocrx_word' id='word_1_296' title='bbox 1442 3071 1445 3074; x_wconf 69' lang='grc'><strong>”</strong></span> 
     </span>
    </p>

    <p class='ocr_par' dir='ltr' id='par_1_4' title="bbox 294 3130 1914 3247">
     <span class='ocr_line' id='line_1_47' title="bbox 296 3130 1914 3191; baseline -0.003 -14"><span class='ocrx_word' id='word_1_297' title='bbox 296 3133 542 3191; x_wconf 63' lang='grc' dir='ltr'>ῖΑ1ς6611111</span> <span class='ocrx_word' id='word_1_298' title='bbox 572 3135 697 3190; x_wconf 84' lang='lat' dir='ltr'><strong>regni</strong></span> <span class='ocrx_word' id='word_1_299' title='bbox 729 3133 942 3175; x_wconf 86' lang='lat' dir='ltr'><strong>aemulum</strong></span> <span class='ocrx_word' id='word_1_300' title='bbox 973 3133 1026 3175; x_wconf 90' lang='lat' dir='ltr'><strong>ab</strong></span> <span class='ocrx_word' id='word_1_301' title='bbox 1058 3132 1214 3175; x_wconf 90' lang='lat' dir='ltr'><strong>Athen.</strong></span> <span class='ocrx_word' id='word_1_302' title='bbox 1248 3133 1442 3174; x_wconf 90' lang='lat' dir='ltr'><strong>adiutum</strong></span> <span class='ocrx_word' id='word_1_303' title='bbox 1472 3131 1620 3183; x_wconf 80' lang='lat' dir='ltr'><strong>vincit,</strong></span> <span class='ocrx_word' id='word_1_304' title='bbox 1654 3143 1751 3173; x_wconf 89' lang='lat' dir='ltr'><strong>cum</strong></span> <span class='ocrx_word' id='word_1_305' title='bbox 1781 3130 1914 3174; x_wconf 91' lang='lat' dir='ltr'><strong>Athe-</strong></span> 
     </span>
     <span class='ocr_line' id='line_1_48' title="bbox 294 3190 1445 3247; baseline -0.002 -13"><span class='ocrx_word' id='word_1_306' title='bbox 294 3190 302 3234; x_wconf 75' lang='grc' dir='ltr'><em>ἱ</em></span> <span class='ocrx_word' id='word_1_307' title='bbox 383 3194 621 3245; x_wconf 89' lang='lat' dir='ltr'><strong>niensibus,</strong></span> <span class='ocrx_word' id='word_1_308' title='bbox 654 3194 835 3235; x_wconf 90' lang='lat' dir='ltr'><strong>liberata</strong></span> <span class='ocrx_word' id='word_1_309' title='bbox 863 3191 1124 3247; x_wconf 89' lang='lat' dir='ltr'><strong>Amphipoli,</strong></span> <span class='ocrx_word' id='word_1_310' title='bbox 1157 3205 1308 3247; x_wconf 85' lang='lat' dir='ltr'><strong>pacem</strong></span> <span class='ocrx_word' id='word_1_311' title='bbox 1339 3190 1445 3232; x_wconf 88' lang='lat' dir='ltr'><strong>facit</strong></span> 
     </span>
    </p>

    <p class='ocr_par' dir='ltr' id='par_1_5' title="bbox 326 3248 1912 3358">
     <span class='ocr_line' id='line_1_49' title="bbox 326 3248 1912 3304; baseline -0.003 -10"><span class='ocrx_word' id='word_1_312' title='bbox 326 3252 426 3304; x_wconf 85' lang='lat' dir='ltr'><strong>Sed,</strong></span> <span class='ocrx_word' id='word_1_313' title='bbox 450 3253 693 3295; x_wconf 90' lang='lat' dir='ltr'><strong>Paeonibus</strong></span> <span class='ocrx_word' id='word_1_314' title='bbox 718 3253 761 3292; x_wconf 90' lang='lat' dir='ltr'><strong>et</strong></span> <span class='ocrx_word' id='word_1_315' title='bbox 781 3250 943 3304; x_wconf 84' lang='lat' dir='ltr'><strong>Illyriis</strong></span> <span class='ocrx_word' id='word_1_316' title='bbox 965 3251 1108 3303; x_wconf 85' lang='lat' dir='ltr'><strong>victis,</strong></span> <span class='ocrx_word' id='word_1_317' title='bbox 1131 3251 1272 3293; x_wconf 93' lang='lat' dir='ltr'><strong>denuo</strong></span> <span class='ocrx_word' id='word_1_318' title='bbox 1293 3249 1586 3304; x_wconf 87' lang='lat' dir='ltr'><strong>Amphipolim</strong></span> <span class='ocrx_word' id='word_1_319' title='bbox 1606 3248 1721 3290; x_wconf 92' lang='lat' dir='ltr'><strong>bello</strong></span> <span class='ocrx_word' id='word_1_320' title='bbox 1743 3248 1912 3303; x_wconf 88' lang='lat' dir='ltr'><strong>premit,</strong></span> 
     </span>
     <span class='ocr_line' id='line_1_50' title="bbox 384 3307 1808 3358; baseline -0.003 -6"><span class='ocrx_word' id='word_1_321' title='bbox 384 3311 485 3352; x_wconf 90' lang='lat' dir='ltr'><strong>dum</strong></span> <span class='ocrx_word' id='word_1_322' title='bbox 516 3310 804 3353; x_wconf 89' lang='lat' dir='ltr'><strong>Athenienses</strong></span> <span class='ocrx_word' id='word_1_323' title='bbox 835 3309 881 3350; x_wconf 89' lang='lat' dir='ltr'><strong>in</strong></span> <span class='ocrx_word' id='word_1_324' title='bbox 912 3309 1090 3351; x_wconf 84' lang='lat' dir='ltr'><strong>Euboea</strong></span> <span class='ocrx_word' id='word_1_325' title='bbox 1121 3311 1272 3352; x_wconf 88' lang='lat' dir='ltr'><strong>contra</strong></span> <span class='ocrx_word' id='word_1_326' title='bbox 1303 3309 1533 3350; x_wconf 89' lang='lat' dir='ltr'><strong>Thebanos</strong></span> <span class='ocrx_word' id='word_1_327' title='bbox 1567 3307 1775 3349; x_wconf 87' lang='lat' dir='ltr'><strong>dimicant</strong></span> <span class='ocrx_word' id='word_1_328' title='bbox 1803 3354 1808 3358; x_wconf 91' lang='lat'>.</span> 
     </span>
    </p>

    <p class='ocr_par' dir='ltr' id='par_1_6' title="bbox 291 3365 1913 3542">
     <span class='ocr_line' id='line_1_51' title="bbox 294 3365 1913 3421; baseline -0.003 -9"><span class='ocrx_word' id='word_1_329' title='bbox 294 3384 299 3414; x_wconf 57' lang='grc' dir='ltr'><strong>,ὲ</strong></span> <span class='ocrx_word' id='word_1_330' title='bbox 328 3368 447 3411; x_wconf 84' lang='lat' dir='ltr'><strong>Socii</strong></span> <span class='ocrx_word' id='word_1_331' title='bbox 485 3366 817 3411; x_wconf 89' lang='lat' dir='ltr'><strong>Atheniensium</strong></span> <span class='ocrx_word' id='word_1_332' title='bbox 856 3366 1003 3419; x_wconf 84' lang='lat' dir='ltr'><strong>(Chii,</strong></span> <span class='ocrx_word' id='word_1_333' title='bbox 1048 3367 1149 3421; x_wconf 86' lang='lat' dir='ltr'><strong>Coi,</strong></span> <span class='ocrx_word' id='word_1_334' title='bbox 1202 3367 1381 3419; x_wconf 85' lang='lat' dir='ltr'><strong>Rhodii,</strong></span> <span class='ocrx_word' id='word_1_335' title='bbox 1429 3365 1657 3421; x_wconf 80' lang='lat' dir='ltr'><strong>Byzantii)</strong></span> <span class='ocrx_word' id='word_1_336' title='bbox 1696 3365 1913 3408; x_wconf 87' lang='lat' dir='ltr'><strong>deficiunt.</strong></span> 
     </span>
     <span class='ocr_line' id='line_1_52' title="bbox 385 3424 1911 3482; baseline -0.001 -14"><span class='ocrx_word' id='word_1_337' title='bbox 385 3429 551 3469; x_wconf 83' lang='lat' dir='ltr'><strong>Bellum</strong></span> <span class='ocrx_word' id='word_1_338' title='bbox 582 3429 733 3469; x_wconf 88' lang='lat' dir='ltr'><strong>sociale</strong></span> <span class='ocrx_word' id='word_1_339' title='bbox 752 3426 918 3481; x_wconf 86' lang='lat' dir='ltr'><strong>incipit.</strong></span> <span class='ocrx_word' id='word_1_340' title='bbox 972 3426 1124 3468; x_wconf 86' lang='lat' dir='ltr'><strong>Chares</strong></span> <span class='ocrx_word' id='word_1_341' title='bbox 1146 3427 1200 3469; x_wconf 87' lang='lat' dir='ltr'><strong>ad</strong></span> <span class='ocrx_word' id='word_1_342' title='bbox 1222 3426 1552 3482; x_wconf 86' lang='lat' dir='ltr'><strong>oppugnandam</strong></span> <span class='ocrx_word' id='word_1_343' title='bbox 1577 3424 1730 3467; x_wconf 87' lang='lat' dir='ltr'><strong>Chium</strong></span> <span class='ocrx_word' id='word_1_344' title='bbox 1751 3426 1911 3467; x_wconf 89' lang='lat' dir='ltr'><strong>missus</strong></span> 
     </span>
     <span class='ocr_line' id='line_1_53' title="bbox 291 3484 1825 3542; baseline -0.002 -14"><span class='ocrx_word' id='word_1_345' title='bbox 291 3495 293 3498; x_wconf 58' lang='lat'><strong>⁴</strong></span> <span class='ocrx_word' id='word_1_346' title='bbox 385 3486 496 3528; x_wconf 90' lang='lat' dir='ltr'><strong>male</strong></span> <span class='ocrx_word' id='word_1_347' title='bbox 527 3500 618 3528; x_wconf 89' lang='lat' dir='ltr'><strong>rem</strong></span> <span class='ocrx_word' id='word_1_348' title='bbox 650 3487 774 3542; x_wconf 85' lang='lat' dir='ltr'><strong>gerit,</strong></span> <span class='ocrx_word' id='word_1_349' title='bbox 812 3485 1012 3526; x_wconf 86' lang='lat' dir='ltr'><strong>Chabrias</strong></span> <span class='ocrx_word' id='word_1_350' title='bbox 1041 3486 1087 3527; x_wconf 91' lang='lat' dir='ltr'><strong>in</strong></span> <span class='ocrx_word' id='word_1_351' title='bbox 1117 3489 1246 3541; x_wconf 91' lang='lat' dir='ltr'><strong>portu</strong></span> <span class='ocrx_word' id='word_1_352' title='bbox 1277 3498 1374 3527; x_wconf 91' lang='lat' dir='ltr'><strong>cum</strong></span> <span class='ocrx_word' id='word_1_353' title='bbox 1407 3497 1515 3527; x_wconf 88' lang='lat' dir='ltr'><strong>nave</strong></span> <span class='ocrx_word' id='word_1_354' title='bbox 1547 3496 1626 3526; x_wconf 86' lang='lat' dir='ltr'><strong>sua</strong></span> <span class='ocrx_word' id='word_1_355' title='bbox 1656 3484 1768 3538; x_wconf 92' lang='lat' dir='ltr'><strong>perit</strong></span> <span class='ocrx_word' id='word_1_356' title='bbox 1820 3508 1825 3512; x_wconf 85' lang='lat'><em>-</em></span> 
     </span>
    </p>
   </div>
   <div class='ocr_carea' id='block_1_4' title="bbox 1941 331 2253 2061">
    <p class='ocr_par' dir='ltr' id='par_1_7' title="bbox 1941 331 2252 1006">
     <span class='ocr_line' id='line_1_54' title="bbox 1941 331 2251 374; baseline -0.01 -8"><span class='ocrx_word' id='word_1_357' title='bbox 1941 341 1973 366; x_wconf 78' lang='lat' dir='ltr'><strong>a.</strong></span> <span class='ocrx_word' id='word_1_358' title='bbox 1984 332 2067 365; x_wconf 86' lang='lat' dir='ltr'><strong>Chr.</strong></span> <span class='ocrx_word' id='word_1_359' title='bbox 2106 331 2251 374; x_wconf 81' lang='lat' dir='ltr'><strong>olymp.</strong></span> 
     </span>
     <span class='ocr_line' id='line_1_55' title="bbox 1967 436 2251 481; baseline -0.011 0"><span class='ocrx_word' id='word_1_360' title='bbox 1967 437 2053 481; x_wconf 86' lang='lat'><strong>368</strong></span> <span class='ocrx_word' id='word_1_361' title='bbox 2117 436 2199 480; x_wconf 89' lang='grc'><strong>162</strong></span> <span class='ocrx_word' id='word_1_362' title='bbox 2223 436 2251 478; x_wconf 89' lang='lat'>4</span> 
     </span>
     <span class='ocr_line' id='line_1_56' title="bbox 1968 553 2247 598; baseline -0.011 0"><span class='ocrx_word' id='word_1_363' title='bbox 1968 554 2055 598; x_wconf 87' lang='lat'><strong>363</strong></span> <span class='ocrx_word' id='word_1_364' title='bbox 2119 553 2247 597; x_wconf 87' lang='lat'>1031</span> 
     </span>
     <span class='ocr_line' id='line_1_57' title="bbox 1969 669 2251 713; baseline -0.007 0"><span class='ocrx_word' id='word_1_365' title='bbox 1969 669 2054 713; x_wconf 91' lang='lat'><strong>367</strong></span> <span class='ocrx_word' id='word_1_366' title='bbox 2119 669 2201 713; x_wconf 91' lang='lat'><strong>103</strong></span> <span class='ocrx_word' id='word_1_367' title='bbox 2225 669 2251 711; x_wconf 90' lang='grc'>2</span> 
     </span>
     <span class='ocr_line' id='line_1_58' title="bbox 1968 785 2252 830; baseline -0.007 0"><span class='ocrx_word' id='word_1_368' title='bbox 1968 786 2054 830; x_wconf 90' lang='grc'><strong>367</strong></span> <span class='ocrx_word' id='word_1_369' title='bbox 2121 786 2203 830; x_wconf 86' lang='grc'><strong>163</strong></span> <span class='ocrx_word' id='word_1_370' title='bbox 2225 785 2252 828; x_wconf 95' lang='grc'>2</span> 
     </span>
     <span class='ocr_line' id='line_1_59' title="bbox 1971 962 2056 1006; baseline -0.012 0"><span class='ocrx_word' id='word_1_371' title='bbox 1971 962 2056 1006; x_wconf 88' lang='grc'><strong>367</strong></span> 
     </span>
    </p>

    <p class='ocr_par' dir='ltr' id='par_1_8' title="bbox 1966 1020 2253 1825">
     <span class='ocr_line' id='line_1_60' title="bbox 1969 1020 2253 1066; baseline -0.011 0"><span class='ocrx_word' id='word_1_372' title='bbox 1969 1021 2055 1066; x_wconf 88' lang='lat'><strong>366</strong></span> <span class='ocrx_word' id='word_1_373' title='bbox 2121 1020 2203 1064; x_wconf 92' lang='lat'><strong>103</strong></span> <span class='ocrx_word' id='word_1_374' title='bbox 2227 1020 2253 1064; x_wconf 93' lang='lat'><strong>3</strong></span> 
     </span>
     <span class='ocr_line' id='line_1_61' title="bbox 1971 1170 2253 1240; baseline -0.004 0"><span class='ocrx_word' id='word_1_375' title='bbox 1971 1170 2084 1240; x_wconf 76' lang='lat'><strong>365&#39;</strong></span> <span class='ocrx_word' id='word_1_376' title='bbox 2119 1195 2204 1240; x_wconf 91' lang='lat'><strong>103</strong></span> <span class='ocrx_word' id='word_1_377' title='bbox 2227 1195 2253 1239; x_wconf 90' lang='lat'><strong>3</strong></span> 
     </span>
     <span class='ocr_line' id='line_1_62' title="bbox 1969 1370 2252 1415; baseline -0.007 0"><span class='ocrx_word' id='word_1_378' title='bbox 1969 1370 2056 1415; x_wconf 86' lang='lat'><strong>365</strong></span> <span class='ocrx_word' id='word_1_379' title='bbox 2121 1370 2252 1415; x_wconf 92' lang='lat'><strong>1034</strong></span> 
     </span>
     <span class='ocr_line' id='line_1_63' title="bbox 1967 1487 2253 1532; baseline -0.007 0"><span class='ocrx_word' id='word_1_380' title='bbox 1967 1489 2054 1532; x_wconf 88' lang='lat'><strong>364</strong></span> <span class='ocrx_word' id='word_1_381' title='bbox 2118 1487 2202 1531; x_wconf 87' lang='lat'><strong>103</strong></span> <span class='ocrx_word' id='word_1_382' title='bbox 2225 1488 2253 1530; x_wconf 90' lang='lat'>4</span> 
     </span>
     <span class='ocr_line' id='line_1_64' title="bbox 1966 1664 2247 1709; baseline -0.011 0"><span class='ocrx_word' id='word_1_383' title='bbox 1966 1665 2053 1709; x_wconf 90' lang='lat'><strong>364</strong></span> <span class='ocrx_word' id='word_1_384' title='bbox 2118 1664 2247 1708; x_wconf 88' lang='lat'><strong>1041</strong></span> 
     </span>
     <span class='ocr_line' id='line_1_65' title="bbox 1968 1782 2056 1825; baseline -0.011 0"><span class='ocrx_word' id='word_1_385' title='bbox 1968 1782 2056 1825; x_wconf 89' lang='grc'><strong>364</strong></span> 
     </span>
    </p>

    <p class='ocr_par' dir='ltr' id='par_1_9' title="bbox 1965 1841 2053 1884">
     <span class='ocr_line' id='line_1_66' title="bbox 1965 1841 2053 1884; baseline -0.011 0"><span class='ocrx_word' id='word_1_386' title='bbox 1965 1841 2053 1884; x_wconf 86' lang='grc'><strong>364</strong></span> 
     </span>
    </p>

    <p class='ocr_par' dir='ltr' id='par_1_10' title="bbox 1965 1899 2249 2061">
     <span class='ocr_line' id='line_1_67' title="bbox 1965 1899 2249 1944; baseline -0.011 0"><span class='ocrx_word' id='word_1_387' title='bbox 1965 1900 2053 1944; x_wconf 91' lang='lat'><strong>364</strong></span> <span class='ocrx_word' id='word_1_388' title='bbox 2117 1899 2200 1942; x_wconf 91' lang='lat'><strong>104</strong></span> <span class='ocrx_word' id='word_1_389' title='bbox 2228 1899 2249 1941; x_wconf 91' lang='lat'><strong>1</strong></span> 
     </span>
     <span class='ocr_line' id='line_1_68' title="bbox 1966 2017 2054 2061; baseline -0.011 0"><span class='ocrx_word' id='word_1_390' title='bbox 1966 2017 2054 2061; x_wconf 91' lang='lat'><strong>363</strong></span> 
     </span>
    </p>
   </div>
   <div class='ocr_carea' id='block_1_5' title="bbox 1967 2309 2052 2468">
    <p class='ocr_par' dir='ltr' id='par_1_11' title="bbox 1967 2309 2052 2468">
     <span class='ocr_line' id='line_1_69' title="bbox 1967 2309 2052 2351; baseline 0 0"><span class='ocrx_word' id='word_1_391' title='bbox 1967 2309 2052 2351; x_wconf 82' lang='lat'><strong>362</strong></span> 
     </span>
     <span class='ocr_line' id='line_1_70' title="bbox 1967 2425 2052 2468; baseline 0 0"><span class='ocrx_word' id='word_1_392' title='bbox 1967 2425 2052 2468; x_wconf 91' lang='grc'><strong>362</strong></span> 
     </span>
    </p>
   </div>
   <div class='ocr_carea' id='block_1_6' title="bbox 1965 2601 2047 2644">
    <p class='ocr_par' dir='ltr' id='par_1_12' title="bbox 1965 2601 2047 2644">
     <span class='ocr_line' id='line_1_71' title="bbox 1965 2601 2047 2644; baseline -0.012 0"><span class='ocrx_word' id='word_1_393' title='bbox 1965 2601 2047 2644; x_wconf 88' lang='grc'><strong>361</strong></span> 
     </span>
    </p>
   </div>
   <div class='ocr_carea' id='block_1_7' title="bbox 1966 2777 2054 2820">
    <p class='ocr_par' dir='ltr' id='par_1_13' title="bbox 1966 2777 2054 2820">
     <span class='ocr_line' id='line_1_72' title="bbox 1966 2777 2054 2820; baseline 0 0"><span class='ocrx_word' id='word_1_394' title='bbox 1966 2777 2054 2820; x_wconf 89' lang='grc'><strong>360</strong></span> 
     </span>
    </p>
   </div>
   <div class='ocr_carea' id='block_1_8' title="bbox 1964 3070 2051 3232">
    <p class='ocr_par' dir='ltr' id='par_1_14' title="bbox 1964 3070 2051 3232">
     <span class='ocr_line' id='line_1_73' title="bbox 1964 3070 2050 3115; baseline -0.012 0"><span class='ocrx_word' id='word_1_395' title='bbox 1964 3070 2050 3115; x_wconf 90' lang='grc'><strong>359</strong></span> 
     </span>
     <span class='ocr_line' id='line_1_74' title="bbox 1965 3188 2051 3232; baseline -0.012 0"><span class='ocrx_word' id='word_1_396' title='bbox 1965 3188 2051 3232; x_wconf 88' lang='grc'><strong>359</strong></span> 
     </span>
    </p>
   </div>
   <div class='ocr_carea' id='block_1_9' title="bbox 1963 3304 2050 3407">
    <p class='ocr_par' dir='ltr' id='par_1_15' title="bbox 1963 3304 2050 3407">
     <span class='ocr_line' id='line_1_75' title="bbox 1963 3304 2049 3348; baseline -0.012 0"><span class='ocrx_word' id='word_1_397' title='bbox 1963 3304 2049 3348; x_wconf 94' lang='grc'><strong>357</strong></span> 
     </span>
     <span class='ocr_line' id='line_1_76' title="bbox 1965 3363 2050 3407; baseline -0.024 0"><span class='ocrx_word' id='word_1_398' title='bbox 1965 3363 2050 3407; x_wconf 89' lang='grc'><strong>357</strong></span> 
     </span>
    </p>
   </div>
   <div class='ocr_carea' id='block_1_10' title="bbox 1962 3479 2051 3522">
    <p class='ocr_par' dir='ltr' id='par_1_16' title="bbox 1962 3479 2051 3522">
     <span class='ocr_line' id='line_1_77' title="bbox 1962 3479 2051 3522; baseline 0 0"><span class='ocrx_word' id='word_1_399' title='bbox 1962 3479 2051 3522; x_wconf 90' lang='grc'><strong>357</strong></span> 
     </span>
    </p>
   </div>
   <div class='ocr_carea' id='block_1_11' title="bbox 2118 2309 2250 2468">
    <p class='ocr_par' dir='ltr' id='par_1_17' title="bbox 2118 2309 2250 2468">
     <span class='ocr_line' id='line_1_78' title="bbox 2118 2309 2249 2352; baseline 0 -1"><span class='ocrx_word' id='word_1_400' title='bbox 2118 2309 2202 2352; x_wconf 83' lang='grc'><strong>104</strong></span> <span class='ocrx_word' id='word_1_401' title='bbox 2224 2309 2249 2351; x_wconf 88' lang='grc'>2</span> 
     </span>
     <span class='ocr_line' id='line_1_79' title="bbox 2118 2425 2250 2468; baseline 0.008 -1"><span class='ocrx_word' id='word_1_402' title='bbox 2118 2425 2202 2468; x_wconf 86' lang='grc'><strong>104</strong></span> <span class='ocrx_word' id='word_1_403' title='bbox 2223 2425 2250 2468; x_wconf 89' lang='lat'><strong>3</strong></span> 
     </span>
    </p>
   </div>
   <div class='ocr_carea' id='block_1_12' title="bbox 2116 2601 2248 2644">
    <p class='ocr_par' dir='ltr' id='par_1_18' title="bbox 2116 2601 2248 2644">
     <span class='ocr_line' id='line_1_80' title="bbox 2116 2601 2248 2644; baseline 0.008 -1"><span class='ocrx_word' id='word_1_404' title='bbox 2116 2601 2248 2644; x_wconf 88' lang='grc'>1043</span> 
     </span>
    </p>
   </div>
   <div class='ocr_carea' id='block_1_13' title="bbox 2117 2775 2246 2820">
    <p class='ocr_par' dir='ltr' id='par_1_19' title="bbox 2117 2775 2246 2820">
     <span class='ocr_line' id='line_1_81' title="bbox 2117 2775 2246 2820; baseline -0.008 -1"><span class='ocrx_word' id='word_1_405' title='bbox 2117 2775 2200 2820; x_wconf 92' lang='grc'><strong>105</strong></span> <span class='ocrx_word' id='word_1_406' title='bbox 2225 2777 2246 2818; x_wconf 97' lang='grc'><strong>1</strong></span> 
     </span>
    </p>
   </div>
   <div class='ocr_carea' id='block_1_14' title="bbox 2114 3070 2247 3347">
    <p class='ocr_par' dir='ltr' id='par_1_20' title="bbox 2114 3070 2247 3347">
     <span class='ocr_line' id='line_1_82' title="bbox 2114 3070 2244 3114; baseline 0 -2"><span class='ocrx_word' id='word_1_407' title='bbox 2114 3070 2198 3114; x_wconf 90' lang='grc'><strong>105</strong></span> <span class='ocrx_word' id='word_1_408' title='bbox 2225 3071 2244 3112; x_wconf 94' lang='grc'><strong>1</strong></span> 
     </span>
     <span class='ocr_line' id='line_1_83' title="bbox 2114 3187 2246 3231; baseline 0 -1"><span class='ocrx_word' id='word_1_409' title='bbox 2114 3187 2198 3231; x_wconf 89' lang='grc'><strong>105</strong></span> <span class='ocrx_word' id='word_1_410' title='bbox 2221 3187 2246 3230; x_wconf 90' lang='grc'>2</span> 
     </span>
     <span class='ocr_line' id='line_1_84' title="bbox 2114 3303 2247 3347; baseline -0.008 0"><span class='ocrx_word' id='word_1_411' title='bbox 2114 3303 2198 3347; x_wconf 92' lang='grc'><strong>105</strong></span> <span class='ocrx_word' id='word_1_412' title='bbox 2221 3304 2247 3346; x_wconf 92' lang='grc'><strong>3</strong></span> 
     </span>
    </p>
   </div>
   <div class='ocr_carea' id='block_1_15' title="bbox 2115 3478 2247 3523">
    <p class='ocr_par' dir='ltr' id='par_1_21' title="bbox 2115 3478 2247 3523">
     <span class='ocr_line' id='line_1_85' title="bbox 2115 3478 2247 3523; baseline 0 -2"><span class='ocrx_word' id='word_1_413' title='bbox 2115 3478 2198 3523; x_wconf 88' lang='grc'><strong>105</strong></span> <span class='ocrx_word' id='word_1_414' title='bbox 2219 3479 2247 3521; x_wconf 87' lang='lat'>4</span> 
     </span>
    </p>
   </div>
  </div>
 </body>
</html>
