2392 4016
638 181 690 220 ab
723 192 828 220 anno
860 192 897 219 a.
920 178 1014 221 chr.
1050 182 1105 222 20
1137 192 1264 231 usque
1296 182 1350 220 ad
1382 193 1532 222 annum
1566 184 1605 222 ⁹.
2005 183 2089 232 186

156 374 240 423 ’14
300 339 389 420 741)
436 328 524 418 ¹1²7)
567 371 670 418 Oos.
685 372 753 417 Μ.
766 372 959 416 Licinius
980 371 1166 425 Crassus,
1203 371 1275 415 Cn.
1298 371 1509 415 Coo-mlius
1522 372 1765 426 Lentulus.)
1817 372 2089 433 1.Ag=·ippn

466 467 470 477 .
511 463 514 467 -
602 431 734 476 rebus
765 431 1120 488 Bosporanorum
1149 430 1407 487 compositis
1439 432 1706 488 triumphum
1747 433 1832 477 sibi
1865 432 2086 478 decretum

453 497 513 532 tr..
609 494 798 543 recusat,
819 491 1064 535 ornamentis
1083 490 1398 546 triumphalibus
1417 493 1664 543 contentus,
1697 492 1812 548 quod
1833 491 1989 536 deinde
2010 506 2087 550 pro

335 584 338 591 Δ
430 555 517 603 pot.
605 549 806 605 exemplo
836 549 1047 603 habitum,
1077 561 1132 593 ne
1163 549 1263 607 quis
1293 551 1467 606 praeter
1495 550 1739 607 principem
1768 552 1950 607 eiusque
1972 550 2087 596 filios

368 646 371 655 .
447 610 501 650 10
610 621 759 653 verum
790 608 1056 665 triumphum
1085 610 1250 665 ageret.
1302 607 1520 653 Pannonii
1547 609 1809 654 rebellantes
1839 610 1983 654 denno
2013 610 2087 654 do·

602 670 789 712 mantur.
834 667 1020 724 Ligures
1051 667 1247 724 capillati
1274 667 1322 711 in
1340 666 1528 724 Alpibus
1563 669 1792 713 maritimis
1813 669 1939 713 liberi
1957 682 2087 725 agen·

176 775 179 777 ,
511 755 513 758 <
602 730 671 771 tes
703 727 1008 780 subiiciuntur.

183 788 238 835 13
301 788 385 832 741
452 786 508 832 18
570 786 672 831 Cos.
706 786 772 829 Ti.
801 785 999 832 Glaudius
1018 783 1146 839 Nero,
1178 784 1231 828 P.
1259 783 1508 835 Quinctilius
1530 785 1704 837 Varus.)
1749 785 1863 842 Aug.
1884 799 1909 830 e
1931 785 2087 840 Gallia,

603 845 758 902 relicto
789 845 835 888 in
868 843 1107 889 Galliarum
1138 844 1377 900 provinciis
1408 844 1552 890 Druso
1583 844 1773 898 Nerone,
1805 855 1854 887 w
1871 844 1983 889 Non.
2007 845 2085 889 Iul.

286 935 350 975 Au
453 911 502 945 tr.
611 895 843 949 revortitur
874 904 986 956 (eam
1018 903 1074 947 ob
1105 915 1283 948 causam
1314 917 1390 948 ara
1418 903 1548 948 Pacis
1579 905 1624 948 in
1656 917 1809 961 campo
1829 905 1984 948 Martio
2015 905 2088 949 de·

313 947 392 1036 ⁶3
432 970 547 1086 Ρίῗ
556 1054 558 1057 .
604 962 1392 1081 ,32232{3.⁶253,A{‘380⁹.201022{?²
1423 963 2087 1067 {¹3⁰0ssrssli1ffissffitzz‘zzff

600 1086 716 1127 trum
748 1094 889 1135 suum,
921 1081 1035 1138 Aug.
1066 1082 1162 1137 ipse
1191 1081 1387 1125 Marcelli
1417 1082 1633 1126 theatrum
1664 1082 1839 1127 dedicat
1870 1082 1943 1134 (cf.
1974 1082 2086 1127 Plin.

603 1141 646 1196 8,
678 1141 774 1187 65).
844 1141 1042 1210 Agrippa
1070 1141 1228 1184 iterum
1257 1141 1492 1185 tribunicia
1521 1145 1740 1198 potestate
1770 1142 1815 1185 in
1846 1143 2085 1198 quinquen-

556 1230 559 1233 ψ
602 1202 723 1246 ιιιιιιιι
762 1203 941 1245 ornatus
985 1201 1032 1244 in
1063 1199 1335 1244 Pannoniam
1372 1200 1578 1253 mittitur,
1620 1200 1763 1253 Iulus,
1802 1200 1982 1245 Antonii
2010 1199 2086 1254 fil„

601 1262 777 1318 praetor
806 1262 888 1304 est.
948 1259 1005 1303 M.
1038 1258 1196 1311 Titius,
1228 1271 1318 1303 cos.
1350 1272 1389 1303 a
1422 1258 1495 1313 31,
1527 1258 1630 1316 Syn
1618 1260 1684 1303 'ae
1715 1259 1977 1316 praeficitur.

178 1321 232 1367 12
298 1291 384 1366 742
449 1321 503 1368 19
566 1319 668 1366 Cos
699 1319 765 1363 M.
791 1319 981 1362 Valerius
1010 1319 1074 1361 Μ.
1094 1320 1140 1374 f.
1172 1318 1378 1361 Messalla
1395 1319 1617 1362 Barbatus
1635 1319 1854 1374 Appianae
1881 1318 1952 1371 (eo
1984 1331 2087 1362 mox

603 1381 773 1423 mortuo
804 1377 902 1423 suff.
938 1377 984 1420 G.
1005 1377 1180 1432 Valqius
1208 1377 1364 1432 Rufus,
1401 1377 1444 1421 G.
1472 1378 1668 1421 Caninius
1686 1377 1886 1428 Rebilus)
1917 1378 1969 1420 P.
1989 1378 2086 1421 Sul-

358 1471 363 1478 .
447 1444 498 1478 tr.
601 1440 737 1493 picino
771 1436 1006 1488 Quirinius5
1048 1435 1145 1480 suff.
1177 1436 1231 1479 L.
1259 1436 1450 1479 Volusius
1484 1436 1775 1488 Saturninus.)
1843 1436 2086 1494 Augustus,

431 1502 518 1548 pot.
610 1499 781 1541 mortno
811 1496 869 1549 M.
890 1495 1072 1552 Lepido,
1105 1496 1180 1551 qui
1199 1496 1398 1543 triumvir
1419 1495 1515 1549 fuit,
1546 1495 1686 1552 pridie
1706 1495 1819 1539 Non.
1843 1495 1967 1539 Mart.
1983 1512 2086 1551 pon-

449 1559 502 1597 12
605 1558 804 1610 tiftcatum
835 1557 1051 1599 maximum
1080 1555 1201 1599 susci
1233 1554 1280 1598 it.
1340 1554 1405 1598 M.
1426 1555 1636 1611 Aqrippa,
1669 1555 1843 1611 insigne
1874 1556 1982 1612 reip.
2014 1568 2086 1599 co-

602 1615 772 1668 lumen,
816 1627 978 1658 annum
1017 1626 1153 1670 agens
1219 1613 1240 1656 1
1284 1626 1340 1658 ex
1370 1613 1598 1658 Pannonia
1627 1618 1851 1658 revertens
1883 1615 1928 1658 in
1962 1613 2085 1658 Cam-

602 1675 733 1732 pania
751 1674 902 1718 morbo
923 1675 1095 1726 decedit,
1117 1672 1197 1717 sed
1216 1674 1412 1718 nascitur
1431 1686 1488 1717 ex
1508 1686 1560 1717 eo
1580 1674 1737 1718 tertius
1757 1672 1874 1717 filius
1889 1673 2087 1730 Agrippa

601 1734 852 1779 Postumus.
905 1732 1099 1789 Augusti
1117 1732 1431 1788 privignorum,
1462 1733 1573 1777 alter
1594 1732 1692 1776 Tib.
1712 1732 1891 1789 Illyrico
1911 1736 2087 1789 praeest

600 1795 646 1838 et
674 1792 926 1837 Pannonios
963 1791 1226 1836 rebellantes
1269 1794 1463 1845 coercet,
1505 1791 1616 1836 alter
1645 1791 1815 1836 Drusus
1846 1791 1999 1835 Rheno
2038 1793 2086 1836 in

603 1852 826 1897 Oceanum
846 1851 1070 1904 devectus,
1095 1850 1251 1895 Frisiis
1267 1850 1479 1904 subactis,
1511 1850 1785 1895 Chaucorum
1800 1850 1911 1895 fines
1927 1853 2083 1895 vastat.

601 1909 742 1967 (Aug.
780 1911 884 1968 imp.
915 1919 953 1953 x
983 1913 1028 1954 et
1058 1908 1141 1963 xl)
1183 1909 1279 1954 Rex
1309 1909 1507 1955 Herodes
1547 1910 1706 1954 iterum
1742 1911 1789 1954 in
1819 1910 1990 1955 Italiam
2029 1910 2084 1955 ad

249 1984 253 1987 ·
599 1970 729 2028 Augu
732 1973 850 2014 stum
878 1969 1000 2013 venit
1031 1967 1378 2026 Caesaremque
1409 1968 1633 2014 aedificat.-

156 2030 228 2076 -11
293 2030 381 2076 743
440 2030 501 2076 20
562 2022 665 2076 Cos.
701 2029 750 2080 Q.
782 2030 928 2073 Aelius
963 2028 1141 2082 Tubero,
1190 2028 1368 2072 Paullus
1394 2029 1555 2072 Fabius
1592 2026 1844 2080 Maximus.)
1912 2027 2083 2081 Iuliam,

600 2090 822 2147 Agrippae
842 2088 1031 2141 viduam,
1062 2086 1217 2144 Augus
1219 2090 1291 2132 tus
1314 2087 1490 2132 Tiberio
1511 2087 1709 2132 Neroni
1696 2101 1742 2131 ιιι
1763 2088 2082 2131 matrimonium

446 2155 496 2192 tr.
602 2149 692 2202 dat,
721 2148 908 2195 nolenti·
940 2160 1040 2191 nam
1070 2146 1329 2191 dimittenda
1359 2150 1453 2192 erat
1472 2147 1685 2204 Vipsania
1716 2146 1954 2203 (Agrippae
1975 2146 2079 2199 filia,

419 2213 516 2261 pot.
608 2207 689 2253 sed
716 2220 775 2253 ex
794 2206 1004 2260 Caecilia,
1034 2207 1192 2263 prima
1205 2205 1374 2260 uxore),
1405 2219 1462 2250 ex
1492 2219 1578 2263 qua
1597 2206 1789 2250 Drusum
1818 2205 1956 2249 filium
1986 2219 2081 2250 sus-

449 2272 501 2310 18
603 2269 793 2324 ceperat.
853 2266 1023 2311 Drusus
1054 2265 1172 2335 Nero
1190 2263 1497 2335 pamniam,
1528 2268 1743 2322 quatenus
1774 2264 1984 2309 Romanis
2015 2279 2081 2308 ar-

518 2364 522 2367 ·
559 2364 563 2367 ’
599 2324 2080 2441 1¹:33.mm}.¹5”55;3‡¹s.z.²⁸22¹ss¹51222dffi“2Tffizszxg

597 2445 837 2492 Pannoniis
878 2446 923 2488 et
961 2443 1174 2488 Dalmatis
1222 2443 1383 2487 bellum
1429 2444 1557 2500 gerit.
1634 2443 1683 2486 L.
1722 2442 1847 2495 Piso,
1890 2455 1980 2486 cos.
2025 2442 2079 2487 15

598 2518 638 2552 a.
663 2503 779 2557 Chr„
825 2503 1019 2548 Thraces
1049 2501 1346 2547 Macedoniam
1376 2505 1423 2547 et
1449 2501 1600 2547 Asiam
1631 2501 1890 2558 populantes
1920 2501 2079 2546 domat.

185 2592 187 2595 -
600 2563 794 2615 Octavia,
823 2562 1017 2618 Augusti
1045 2573 1182 2614 soror,
1213 2559 1398 2605 decedit.

178 2623 233 2668 10
293 2623 381 2668 744
443 2624 496 2668 21
563 2622 664 2667 Cos.
686 2622 804 2664 Iulus
822 2621 1038 2673 Antonius,
1067 2619 1283 2664 triumviri
1310 2618 1442 2673 filius,
1479 2619 1528 2670 Q.
1550 2619 1709 2664 Fabius
1729 2619 1940 2662 Maximus
1959 2619 2079 2674 Afri-

211 2704 213 2706 ·
601 2696 738 2725 canus.
740 2679 766 2732 )
833 2679 1061 2736 Augustus
1100 2679 1147 2725 in
1185 2678 1470 2735 Lugdunensi
1510 2676 1653 2724 Gallia
1691 2690 1963 2723 commorans
2033 2691 2081 2722 er

446 2747 496 2783 tr.
606 2740 829 2784 Tiberium
868 2742 914 2783 et
943 2738 1133 2783 Drusum
1171 2738 1398 2795 privignos
1436 2737 1598 2783 bellum
1636 2737 1924 2781 administrat.

427 2806 515 2853 pot.
602 2798 795 2855 Augusti
810 2796 904 2843 Gal.
923 2797 1026 2843 Sex.
1045 2796 1249 2854 Lugduni
1269 2796 1495 2843 dedicatur
1515 2796 1752 2853 eademque
1774 2796 1877 2840 die
1866 2810 1910 2840 ιιι
1927 2796 2077 2840 eadem

358 2882 361 2887 ·
446 2862 500 2901 14
601 2858 708 2903 urbe
733 2857 944 2910 Claudius,
967 2856 1101 2901 Drusi
1120 2869 1176 2901 ex
1197 2855 1389 2901 Antonia
1407 2854 1542 2910 filius,
1562 2856 1637 2913 qui
1658 2858 1813 2912 postea
1834 2855 2077 2912 imperavit,

599 2916 808 2962 nascitur.
875 2914 1104 2985 Augustus
1136 2915 1247 2968 (iam
1277 2916 1380 2973 imp.
1414 2914 1514 2968 xn)
1553 2928 1652 2959 cum
1692 2915 1905 2971 privignis
1936 2927 2077 2958 rever-

599 2975 720 3029 titur,
751 2974 903 3019 urbem
933 2988 972 3019 a.
1003 2974 1144 3031 inseq.
1176 2983 1253 3017 ιιι
1265 2973 1357 3019 Gal.
1389 2974 1517 3020 Febr.
1546 2972 1803 3030 ingreditur.
1865 2974 1962 3017 Rex
1991 2973 2077 3017 He·

597 3034 727 3080 rodes
757 3034 934 3079 tertium
963 3033 1144 3078 Romam
1175 3034 1307 3079 venit.

131 3075 133 3077 Ι
203 3095 230 3141 9
292 3094 379 3140 745
440 3093 497 3139 22
560 3092 662 3139 Cos.
694 3092 809 3138 Naro
843 3093 1043 3138 Claudius
1071 3093 1249 3146 Drusus,
1294 3092 1342 3135 T.
1380 3091 1593 3142 Quinctius
1626 3090 1838 3146 crispina·
1866 3090 2075 3146 Sulpicia·

599 3167 677 3198 nus
705 3151 830 3206 (suff.
859 3152 915 3196 A.
951 3152 1130 3196 Caecina
1157 3150 1373 3203 Severus.)
1420 3149 1637 3202 Tiberius,
1669 3149 1878 3194 Dalmatis
1908 3150 2076 3220 pacatis

388 3217 522 3311 *τι
601 3211 1194 3323 ΡἭὲιιοιιςειῑι
1223 3208 1539 3313 ξιιμ
1545 3209 1855 3320 ..issu
1816 3267 2075 3321 f..

311 3302 366 3342 ⁵4
435 3284 522 3372 Ῐιιι
599 3282 946 3374 marmaniam
974 3339 1191 3381 reversus,
1219 3340 1320 3372 cum
1350 3326 1407 3373 ad
1426 3280 1571 3372 fflffm
1603 3339 1739 3383 usque
1761 3339 1858 3370 cum
1879 3327 2073 3371 exercitu

599 3389 888 3445 penetrasset,
917 3399 975 3431 ex
1004 3386 1194 3431 &actura
1222 3386 1361 3432 cruris
1391 3388 1562 3431 maan·
1581 3386 1669 3438 (14.
1694 3384 1833 3442 Sept)
1854 3385 2074 3429 tricesimo

601 3446 757 3491 aetatis
786 3457 921 3491 anuo.
982 3444 1051 3491 Ad
1089 3446 1203 3492 bunc
1241 3445 1376 3491 ferme
1405 3458 1564 3490 annum
1602 3445 1648 3488 T.
1671 3445 1818 3487 Livius
1846 3444 2074 3489 celeberri-

597 3518 715 3550 mum
753 3504 960 3551 historiae
1001 3504 1123 3549 Rom.
1163 3517 1273 3562 opus
1369 3504 1537 3557 rduxit,
1582 3505 1677 3573 ipse
1716 3518 1754 3547 a.
1797 3503 1968 3548 demum
2004 3502 2071 3548 18.

599 3578 640 3622 p.
664 3563 744 3608 Ch.
774 3567 984 3609 mortuus.
1032 3561 1081 3609 0.
1102 3563 1281 3610 Sentius
1365 3564 1566 3609 turninus
1597 3516 1753 3607 iterum
1775 3562 1931 3619 Syriae
1951 3575 2071 3619 prov.

598 3635 802 3681 praeesse
832 3622 998 3679 incipit.
