2392 4016
541 155 593 197 ab
626 169 733 198 anno
765 169 803 197 a.
825 154 921 197 Ohr.
953 156 1010 195 84
1041 166 1171 205 usque
1201 155 1253 194 ad
1281 166 1433 194 annum
1454 154 1522 194 78.
1915 151 1994 195 111

69 315 105 341 a.
126 306 210 340 Chr.
268 314 302 339 ιι.
319 313 349 339 e.

466 349 507 392 le
564 361 609 392 m
629 347 684 392 de
779 346 1328 402 sqibffidis,magiggtvp9ug
1345 343 1570 401 ferendam
1595 346 1737 401 curat=
1757 354 1847 398 eos
1867 341 2000 387 ferme

462 360 582 451 14¹&
612 419 790 465 numero
818 396 1245 506 fuisses-Qajffi
1234 396 1528 462 ¹¹5.i·¹²m..1‡‘56n³
1542 402 2001 463 Qlicaqtsnkberi

465 464 557 510 iure
634 461 862 510 {indorum
882 463 1094 510 honorum
1114 476 1138 507 c
1255 475 1328 520 um
1345 455 1651 520 ex‘ffiiffiritur.
1692 459 1879 505 Comitia
1898 473 1999 505 con·

463 479 626 569 sulm}
655 521 924 581 Hior'u‘inque
945 515 1288 580 'makisffa'ffiffm
1318 533 1398 565 suo
1420 514 1597 564 arbitrio
1620 516 1745 564 Sulla
1762 517 1907 572 habet,
1939 521 2001 563 ita

463 586 513 628 ut
533 579 1761 641 Ofellamarrosatiuamnhmmmmmjmffiei
1775 580 1967 627 iusserit.

130 644 183 689 81
269 643 356 688 673
417 633 518 687 Cos.
550 643 613 685 Μ
651 643 815 686 Tullius
834 643 1011 695 Deculo,
1046 640 1366 701 eaeor-mlius
1393 637 1658 689 Dolabella).
1720 638 1845 681 Sulla
1873 640 2002 680 dicta»

467 711 531 745 eor
559 702 746 746 militum
783 714 960 746 suorum
997 700 1194 757 legiones
1223 699 1297 752 47,
1329 698 1514 742 militum
1546 698 1720 742 circiter
1754 696 1837 741 120
1868 697 2000 749 milia,

277 823 331 861 26
429 757 2002 873 ·ffibssff‘sszissdgegfflffifflz?offztssffffitl’ffizwfflrsz

259 880 347 922 Cic.
370 906 375 911 -
469 891 571 935 pars
602 878 659 922 ad
686 878 930 935 publicum,
971 889 1072 934 pars
1104 876 1161 920 ad
1189 877 1406 933 privatum
1436 876 1505 919 ius
1535 875 1737 932 pertinet.
1806 874 2000 918 Priorum

337 967 340 971 -
467 938 654 982 maxime
674 937 975 981 memorabiles
995 936 1099 981 haez
1121 935 1174 979 de
1194 934 1468 988 sacerdotiis,
1488 936 1535 978 ut
1554 933 1803 978 sacerdotes
1825 936 1869 976 et
1883 936 2000 990 pont.

282 999 331 1037 19
467 1009 587 1040 max..
614 1009 640 1040 a
678 996 866 1053 collegio
906 997 1233 1052 cooptarentur,
1271 995 1516 1047 iudiciaria,
1555 1005 1642 1050 qua
1678 994 1849 1037 senatui
1879 993 2003 1036 resti-

243 1056 360 1097 Caes.
467 1058 649 1109 tuuntur
676 1055 854 1109 iudicia,
887 1057 1118 1108 tribunicia,
1151 1067 1238 1113 qua
1257 1054 1528 1097 tribunorum
1547 1053 1607 1110 pl.
1627 1055 1823 1110 potestas
1843 1052 1905 1095 ita
1925 1052 2003 1095 im·

263 1121 267 1124 ’
465 1115 697 1168 minuitur,
727 1118 778 1158 ut
808 1114 962 1158 auxilii
991 1114 1095 1157 latio
1126 1113 1183 1157 iis
1212 1113 1502 1169 relinquatur,
1531 1112 1601 1156 ius
1632 1111 1778 1169 legum
1808 1110 2003 1155 ferenda-

463 1187 561 1217 rum
589 1174 886 1230 maiorumque
916 1173 1249 1230 magistratuum
1276 1172 1559 1229 petendorum
1581 1170 1808 1224 adimatur,
1840 1170 1893 1214 de
1915 1183 2003 1213 ma-

466 1233 737 1290 gistratibus,
768 1245 952 1289 quorum
982 1235 1149 1276 certum
1180 1231 1374 1276 ordinem
1404 1229 1643 1275 confirmat.
1691 1229 2003 1283 Quaestionum

467 1295 772 1349 perpetuarum
791 1292 903 1335 ratio
920 1290 1207 1348 amplificatur
1222 1305 1274 1334 ac
1294 1291 1588 1343 constituitur,
1609 1298 1697 1332 octo
1717 1291 1868 1332 creatis
1882 1304 2004 1344 prae·

469 1353 645 1405 toribus,
684 1352 759 1407 qui
788 1364 867 1407 per
897 1363 1056 1394 annum
1094 1350 1386 1394 iurisdictioni
1415 1349 1487 1393 vel
1515 1349 1844 1405 quaestionibus
1880 1361 2005 1404 prae-

464 1412 583 1463 sunt,
622 1414 713 1454 tum
743 1410 990 1466 provincias
1020 1410 1242 1466 accipiunt
1279 1409 1488 1465 legesque
1520 1408 1589 1451 vel
1620 1420 1757 1451 novae
1789 1407 1842 1450 de
1874 1407 2004 1450 male·

464 1468 576 1512 ficiis
607 1469 803 1512 feruntur
831 1469 901 1512 vel
931 1471 1102 1512 veteres
1132 1467 1428 1511 emendantur.
1482 1466 1699 1511 Numerus
1726 1469 2004 1522 quaestorum

382 1532 386 1552 ⁶
465 1527 624 1572 additis
654 1528 779 1571 novis
809 1527 901 1571 XII
930 1530 1134 1584 augetur,
1173 1529 1223 1571 ut
1251 1527 1341 1570 sint
1370 1528 1530 1582 viyinti.
1602 1525 1792 1570 Senatus
1833 1525 2002 1570 allectis

465 1599 520 1630 ex
549 1587 743 1643 equestri
773 1586 922 1631 ordine
951 1585 1043 1630 fere
1070 1586 1160 1630 300
1191 1585 1430 1643 suppletur.

522 1645 574 1689 L.
605 1645 732 1690 Sulla
778 1645 882 1689 dict.
913 1658 993 1702 per
1029 1645 1209 1689 biduum
1246 1645 1485 1701 eodemque
1523 1655 1636 1687 anno
1675 1643 1745 1687 vel
1781 1644 2004 1700 superiore

463 1704 513 1748 L.
529 1704 722 1758 Murena,
751 1708 983 1761 postquam
1013 1705 1281 1762 provinciam
1301 1705 1357 1748 M.
1372 1704 1563 1748 Minucio
1593 1702 1786 1756 tradidit,
1817 1703 1870 1746 de
1900 1716 2004 1760 rege

466 1764 714 1808 Mithridate
743 1764 1022 1820 triumphant.
1093 1764 1350 1820 Triumphat
1378 1763 1511 1807 etiam
1540 1762 1594 1805 de
1623 1775 1727 1818 rege
1757 1762 1921 1806 Hiarba
1949 1775 2005 1806 ex

466 1822 616 1867 Africa
647 1822 728 1868 Gn.
759 1823 1007 1880 Pompeius,
1037 1823 1203 1879 primus
1234 1836 1302 1879 eq.
1333 1822 1475 1875 Rom.,
1505 1821 1563 1865 24
1583 1833 1720 1864 annos
1752 1824 1894 1865 natus.
1946 1821 2005 1865 Μ.

466 1881 621 1927 Cicero
653 1882 710 1926 ad
737 1895 894 1926 causas
926 1881 1118 1939 agendas
1151 1882 1334 1935 accedit,
1365 1882 1559 1938 dicitque
1588 1893 1667 1937 pro
1700 1879 1916 1932 Quinctio.

526 1940 605 1985 Gn.
645 1941 880 1998 Pompeius
919 1941 965 1985 in
994 1939 1146 1985 Africa
1181 1943 1328 1998 partes
1359 1941 1575 1984 Marianas
1613 1942 1891 1984 consectatus
1923 1939 2002 1983 Cn.

465 2000 703 2045 Domitium
741 2000 1077 2044 Ahenobarbum
1124 1999 1289 2045 victum
1339 1999 1521 2054 occidit,
1567 1998 1837 2052 Numidiam,
1887 1999 2003 2043 victo

465 2059 651 2113 Hiarba,
690 2059 935 2117 Hiempsali
964 2059 1170 2103 restituit.

524 2119 576 2163 In
605 2119 729 2175 Hisp.
762 2118 812 2163 G.
842 2118 1011 2164 Annius
1041 2118 1213 2163 Luscus
1243 2117 1513 2175 proscriptos
1545 2119 1590 2160 et
1619 2117 1665 2160 in
1695 2117 1751 2161 iis
1784 2116 1834 2170 Q.
1857 2117 2004 2162 Serto-

464 2179 578 2222 rium
605 2178 831 2235 provincia
859 2178 1054 2234 expellit.
1279 2216 1282 2218 .

128 2243 188 2288 80
268 2242 355 2286 674
416 2238 517 2284 008.
549 2237 604 2280 L.
641 2238 851 2280 Cornelius
878 2237 1004 2280 Sulla
1034 2237 1106 2290 II,
1152 2235 1202 2286 Q.
1239 2235 1444 2278 Caecilius
1474 2235 1633 2278 Metell.
1668 2234 1814 2286 Pius.)
1874 2235 2002 2279 Vola·

461 2299 627 2350 terrae,
666 2296 782 2353 quod
819 2296 1026 2354 oppidum
1055 2295 1208 2340 Italiae
1247 2294 1445 2339 ultimum
1482 2296 1726 2348 restiterat,
1765 2293 2003 2349 deduntur;

462 2355 697 2413 Mytilenae
729 2369 755 2399 a
784 2355 840 2399 Μ.
863 2356 1052 2399 Thermo
1083 2357 1220 2412 praet.
1253 2354 1484 2410 capiuntur
1504 2367 1554 2397 ac
1575 2354 1818 2407 diruuntur,
1851 2354 1896 2397 in
1919 2367 2004 2411 qua

464 2416 785 2472 expugnatione
825 2414 874 2458 0.
915 2414 1079 2459 Caesar
1114 2415 1255 2471 prima
1298 2413 1517 2469 stipendia
1561 2413 1686 2466 fecit,
1733 2413 2003 2470 civicamque

278 2479 332 2519 27
468 2487 674 2519 coronam
703 2475 874 2518 meruit.
943 2473 995 2518 In
1023 2473 1150 2530 Hisp.
1189 2473 1238 2523 Q.
1269 2472 1483 2516 Sertorius
1520 2485 1546 2515 a
1574 2471 1798 2516 Lusitanis
1830 2472 2003 2516 adiutus

257 2536 346 2578 Cic.
466 2533 663 2587 rebellat,
702 2546 834 2590 quare
867 2531 917 2585 Q.
949 2532 1122 2577 Metello
1154 2544 1243 2576 cos.
1276 2544 1329 2574 ea
1358 2531 1583 2588 provincia
1612 2531 1870 2575 decernitur.
1933 2531 2003 2576 Ci-

464 2593 568 2636 licia
597 2605 711 2636 nova
741 2591 966 2648 provincia
993 2590 1059 2644 fit,
1097 2603 1227 2647 quam
1259 2590 1338 2635 Gn.
1371 2589 1502 2635 Corn.
1534 2589 1774 2644 Dolabella,
1805 2604 1842 2634 a.
1876 2603 2003 2647 supe-

462 2651 590 2696 rioris
620 2654 795 2709 praetor
823 2651 997 2707 accipit.
1525 2698 1530 2703 ·

462 2769 484 2813 f
523 2710 583 2813 Μὴ
619 2709 774 2755 Cicero
813 2709 916 2754 Sex.
957 2709 1164 2753 Roscium
1203 2706 1455 2752 Amerinum
1502 2707 1725 2764 parricidii
1770 2722 1889 2753 reum
1927 2709 2001 2754 de-

480 2782 536 2815 en
570 2769 614 2812 ἰ.

129 2830 187 2875 79
267 2830 354 2876 675
415 2827 518 2874 Cos.
548 2828 600 2871 P.
631 2827 835 2871 Servilius
864 2827 990 2870 Vatia
1020 2824 1223 2880 (Isaram),
1257 2827 1338 2882 Ap.
1364 2825 1511 2869 Claud.
1535 2825 1752 2877 Ralcher.)
1803 2826 1853 2871 L.
1882 2827 2005 2871 Sulla

467 2887 608 2940 Felix,
639 2886 878 2931 constituta
906 2885 1142 2943 republica,
1172 2886 1348 2930 ineunte
1378 2898 1491 2929 anno
1513 2885 1727 2929 dictatura
1748 2898 1795 2929 se
1815 2886 2001 2930 abdicat.

467 2946 515 2990 P.
551 2945 763 2990 Servilius
801 2957 892 2989 cos.
925 2944 1123 2989 Ciliciam
1154 2957 1275 3002 prov.
1306 2944 1553 3001 bellumque
1583 2945 1626 2988 in
1659 2945 1821 3000 piratas
1852 2958 2003 3002 geren·

466 3004 567 3048 dum
599 3004 771 3062 accipit.
833 3004 883 3049 L.
915 3006 960 3048 et
989 3004 1044 3048 Μ.
1077 3003 1249 3048 Luculli
1279 3004 1544 3048 aedilitatem
1575 3004 1768 3047 curulem
1800 3010 1969 3061 gerunt.

527 3063 583 3107 Μ.
616 3062 784 3117 Cicero,
815 3063 982 3108 Sullam
1013 3066 1225 3117 metuens,
1257 3064 1395 3107 Roma
1424 3062 1602 3115 abierat,
1635 3065 1678 3105 et
1709 3062 1890 3107 Athenis
1922 3078 2001 3108 sex

465 3134 639 3166 menses
679 3121 892 3167 Antiocho
930 3122 1192 3167 Academico
1239 3122 1513 3179 potissimum
1560 3133 1735 3178 operam
1781 3121 1875 3176 dat,
1923 3123 2002 3167 sed

466 3183 695 3225 exercetur
723 3182 854 3226 etiam
879 3181 995 3239 apud
1016 3181 1282 3225 Demetrium
1305 3180 1479 3237 Syrum,
1510 3180 1699 3224 nobilem
1720 3180 1893 3225 dicendi
1913 3195 2001 3225 ma·

467 3240 665 3297 gistrum.

133 3299 191 3344 78
271 3299 357 3344 676
418 3298 520 3343 Cos.
552 3299 615 3342 M.
647 3299 847 3343 Aemiliae
868 3299 1063 3354 Lepidae,
1099 3298 1149 3348 Q.
1171 3298 1368 3342 Lutatius
1392 3297 1601 3350 Catulus.)
1663 3297 1786 3342 Sulla
1807 3299 2000 3345 Puteolis

464 3361 639 3416 *mortuo
663 3371 709 3413 qa.
741 3361 825 3402 aet.
857 3357 916 3401 60
946 3371 997 3402 ac
1027 3357 1257 3415 magnifice
1288 3357 1450 3401 Romae
1487 3358 1533 3401 in
1564 3369 1716 3414 campo
1748 3357 1902 3402 Martio
1934 3373 2001 3404 se-

467 3415 604 3474 pulto,
634 3416 690 3461 Μ.
722 3416 912 3474 Lepidus
945 3429 1035 3472 cos.
1067 3417 1290 3461 seditiosis
1321 3417 1597 3461 contionibus
1628 3420 1726 3460 acta
1756 3417 1905 3463 Sullae
1933 3433 2001 3464 re·

472 3475 670 3520 scindere
701 3478 846 3533 paratz
877 3476 949 3522 eui
980 3488 1078 3520 cum
1110 3476 1280 3533 collega
1308 3476 1545 3530 resisteret,
1576 3476 1621 3520 in
1644 3475 1828 3521 Galliam
1861 3481 2000 3525 trans·
