2392 4016
353 186 407 230 92
1120 190 1297 230 Annales
1328 191 1499 232 Romani

351 341 381 364 6.
402 331 482 364 Chr.
558 342 592 364 u.
605 343 636 365 6.

383 376 462 421 181
546 377 632 422 573
695 378 795 422 008.
829 380 878 422 Ρ.
917 380 1125 424 Cornelius
1161 382 1372 436 Cetheyus,
1405 383 1470 424 M
1503 383 1689 427 Baebius
1716 385 1992 439 Tamphilus.)
2055 387 2102 429 L.
2135 387 2277 431 Aemi-

742 437 826 481 lius
866 451 1035 494 procos.
1077 440 1280 500 Ligures
1302 441 1520 496 Ingaunos
1559 442 1605 486 111
1643 442 1905 487 deditionem
1946 445 2125 500 accipit,
2171 447 2277 489 item

744 496 792 549 Q.
825 497 1005 541 Fulvius
1046 497 1094 550 Q.
1127 499 1156 541 f.
1198 502 1369 554 praetor
1411 500 1462 543 de
1507 499 1735 549 Celtiberis
1773 503 2036 558 triumphum
2076 508 2275 547 meretur.

741 556 944 598 Saturnia
966 559 1010 599 et
1036 557 1260 600 Graviscae
1293 560 1374 602 civ.
1398 559 1521 602 Rom.
1545 560 1739 604 coloniae
1759 562 1805 604 in
1826 562 1999 605 Etruria
2021 563 2275 606 conduntur.

744 613 844 660 Cos.
878 615 1023 671 legem
1055 616 1106 659 de
1141 618 1307 660 ambitu
1337 617 1492 662 16111111.
2067 657 2071 659 ,

382 669 466 715 180
545 671 632 716 574
695 671 795 717 008.
825 675 878 716 A.
911 675 1142 717 Postumius
1171 678 1361 730 Albinus,
1397 677 1441 720 C.
1470 677 1714 732 Calpurnius
1741 679 1856 731 Piso,
1891 679 1986 722 suff.
2029 679 2077 728 Q.
2109 681 2279 722 Fulvius

740 733 928 785 Flaccus,
967 734 1037 776 Cn.
1059 734 1129 789 f.)
1175 735 1337 779 Prioris
1370 750 1407 779 a.
1441 749 1529 780 cos.
1562 736 1747 793 Ligures
1777 737 1983 793 Apuanos
2016 739 2066 781 111
2097 738 2277 782 deditio-

741 805 839 835 nem
879 795 1104 848 acceptos,
1147 794 1202 837 ad
1231 795 1380 839 40000
1410 795 1650 849 hominum,
1689 797 1734 839 in
1763 796 1991 840 Samnium
2038 797 2275 841 deducunt:

741 863 796 894 ex
828 851 978 894 eadem
1009 855 1138 908 gente
1178 854 1305 909 paulo
1337 857 1438 910 post
1470 853 1518 907 Q.
1550 855 1731 899 Fulvius
1764 856 1820 899 ad
1848 855 1967 899 7000
2012 856 2163 899 eodem
2195 860 2278 899 tra-

743 909 876 953 ducit.
936 910 1155 955 Pestilens
1187 925 1325 956 annus
1357 916 1437 956 est.

800 968 895 1011 Lex
933 971 1096 1012 annalis
1137 984 1162 1012 a
1192 971 1240 1014 L.
1273 971 1406 1016 Villio
1436 972 1537 1016 trib.
1578 973 1636 1028 pl.
1667 972 1825 1026 fertur,
1867 976 1973 1029 quot
2010 986 2144 1017 annos
2177 976 2277 1016 nato

743 1028 1023 1081 magistratus
1065 1031 1212 1083 petere
1252 1030 1394 1074 116661.
1455 1031 1504 1073 P.
1537 1029 1765 1074 Cornelius
1798 1035 1842 1075 et
1871 1033 1926 1075 M.
1959 1032 2147 1076 Baebius
2179 1045 2276 1088 pro-

745 1096 834 1128 cos.
867 1086 1148 1141 triumphant.

378 1139 462 1183 179
547 1139 633 1185 575
697 1141 797 1186 Cos.
837 1144 891 1186 L.
924 1144 1112 1187 Manlius
1140 1146 1341 1188 Acidinus
1370 1147 1576 1200 Fulviam,
1631 1147 1679 1195 Q.
1722 1149 1896 1198 Fuluius
1924 1150 2113 1202 Flaccus,
2161 1150 2209 1199 Q.
2232 1152 2275 1204 f.

743 1201 926 1254 (fratres
958 1204 1190 1259 germani).
1245 1204 1293 1257 Q.
1315 1205 1496 1249 Fulvius
1529 1218 1618 1249 608.
1652 1206 1837 1263 Ligures
1869 1207 2038 1251 deditos
2072 1222 2127 1251 ex
2158 1222 2276 1252 mon-

740 1262 943 1308 tibusin
983 1263 1082 1306 loca
1121 1265 1381 1320 campestria
1419 1264 1615 1318 deducit,
1662 1278 1713 1308 66
1752 1267 2015 1322 triumphum
2055 1268 2158 1323 agit.
2228 1268 2278 1310 111

740 1320 952 1376 Hispania
981 1322 1063 1365 1106
1086 1336 1212 1376 611110,
1246 1336 1344 1366 611111
1365 1323 1393 1366 4
1416 1326 1582 1366 1611111111
1601 1327 1823 1380 praetores
1856 1326 1954 1382 lege
1976 1326 2138 1369 Baebia
2161 1339 2278 1369 crea-

741 1383 903 1433 rentur,
937 1381 1003 1424 Ti.
1029 1380 1251 1426 Gracchus
1285 1385 1329 1426 et
1356 1383 1406 1425 L.
1434 1383 1684 1426 Postumius
1717 1389 1932 1440 propraet.
1966 1384 2018 1427 de
2048 1385 2277 1428 Celtiberis

741 1442 784 1482 et
823 1439 1046 1483 Lusitanis
1088 1443 1287 1498 egregias
1327 1442 1532 1485 victorias
1564 1445 1800 1498 reportant.
1868 1443 2032 1486 Romae
2073 1457 2276 1487 censores

742 1499 877 1541 creati
906 1499 960 1541 M.
994 1499 1206 1543 Aemilius
1239 1501 1445 1557 Lepidus,
1477 1504 1597 1557 pont.
1630 1515 1759 1554 max„
1790 1502 1848 1544 M.
1868 1502 2048 1545 Fulvius
2080 1503 2278 1546 Nobilior

739 1557 990 1601 inimicitias
1038 1562 1208 1603 veteres
1254 1561 1361 1615 reip.
1411 1573 1544 1603 661186
1591 1564 1857 1616 componunt
1903 1561 2018 1612 (Cic.
2067 1562 2119 1604 de
2156 1576 2276 1618 prov.

741 1629 860 1659 cons.
886 1617 962 1669 9.),
993 1618 1177 1661 lustrum
1199 1618 1256 1662 50
1277 1619 1480 1671 condunt,
1502 1619 1742 1674 principem
1762 1622 1940 1663 senatus
1961 1621 2114 1676 legunt
2133 1622 2277 1676 ipsum

740 1680 965 1718 censorem
996 1677 1050 1719 M.
1072 1676 1319 1720 Aemilium.
1366 1678 1558 1721 Basilica
1577 1678 1736 1721 Fulvia
1766 1678 2031 1732 aedificatur,
2064 1693 2148 1735 quo
2179 1681 2276 1723 loco

739 1737 893 1789 postea
923 1735 1005 1777 fuit
1034 1734 1232 1792 Aemilia.
1672 1764 1674 1766 -

377 1789 461 1834 178
542 1790 627 1834 576
692 1791 792 1836 008.
810 1794 874 1836 M
892 1794 1037 1837 Iunius
1057 1795 1234 1848 Brutus,
1264 1796 1319 1838 A.
1343 1796 1532 1837 Manlius
1551 1795 1714 1846 Vulso.)
1766 1794 1819 1838 A.
1850 1796 2036 1840 Manlius
2068 1797 2275 1840 adversus

686 1888 688 1891 .
739 1851 876 1896 Istros
909 1853 1020 1896 male
1052 1867 1099 1896 re
1131 1857 1256 1910 gesta
1285 1855 1518 1899 tumultum
1548 1857 1641 1897 tota
1671 1853 1800 1898 Italia
1817 1857 2007 1908 excitat,
2039 1856 2154 1908 dein,
2188 1857 2274 1899 col-

740 1911 838 1967 lega
869 1912 1115 1966 adiuvante,
1149 1913 1352 1957 damnum
1382 1916 1610 1969 acceptum
1642 1915 1852 1957 resarcire
1885 1915 2043 1957 studet.
2107 1916 2276 1957 Trium-

740 1971 875 2026 phant
899 1971 966 2014 Ti.
987 1971 1210 2015 Gracchus
1235 1973 1287 2016 de
1311 1972 1558 2025 Celtiberis,
1589 1972 1639 2015 L.
1661 1973 1912 2016 Postumius
1935 1973 1987 2016 de
2009 1974 2245 2017 Lusitanis.

378 2025 461 2069 177
542 2027 629 2071 577
693 2029 793 2072 008.
831 2030 874 2072 C.
913 2031 1109 2074 Claudius
1138 2032 1330 2084 Pulcher,
1376 2032 1454 2075 Ti..
1472 2032 1735 2086 Sempronius
1771 2031 2020 2084 Gracchus.)
2068 2032 2116 2076 0.
2152 2033 2276 2076 01611-

743 2089 839 2132 dius
861 2089 998 2133 Istros
1029 2091 1115 2133 iam
1147 2105 1172 2132 a
1201 2092 1418 2146 prioribus
1446 2103 1540 2141 cos.
1570 2090 1734 2133 fractos
1766 2091 1820 2134 ad
1841 2091 2102 2135 deditionem
2126 2092 2275 2148 adigit,

717 2148 840 2190 .inde
878 2148 1063 2204 Ligures
1102 2149 1326 2206 profligat,
1373 2151 1418 2192 in
1457 2162 1639 2205 quorum
1677 2162 1782 2206 agro
1829 2151 1947 2192 Luna
1995 2151 2077 2200 601.
2117 2153 2275 2194 civium

742 2206 865 2250 Rom.
899 2207 1157 2261 collocatur,
1199 2209 1436 2263 eodemque
1473 2209 1562 2251 1616
1599 2210 1793 2264 tempore
1825 2210 1946 2251 Luca
1989 2210 2071 2252 col.
2103 2210 2199 2252 Lat.
2230 2211 2276 2252 111

742 2278 846 2322 agro
867 2267 1040 2309 Pisano.
1091 2267 1374 2322 Triumphum
1405 2267 1459 2310 de
1481 2270 1671 2322 vutraque
1693 2270 1823 2323 gente
1846 2269 1950 2324 agit,
1981 2268 2123 2324 legem
2145 2270 2275 2311 etiam

740 2323 825 2368 fert
863 2325 915 2368 de
956 2326 1089 2369 sociis
1127 2327 1174 2368 in
1211 2327 1411 2369 civitates
1451 2338 1552 2368 suas
1594 2326 1869 2370 reducendis.
1942 2327 2009 2369 Ti.
2052 2326 2274 2370 Gracchus

742 2383 904 2427 Sardos
935 2384 1195 2428 rebellantes
1228 2385 1386 2428 domat.
1843 2401 1845 2403 ¹

380 2442 462 2485 176
543 2441 630 2486 578
693 2442 792 2485 008.
831 2443 901 2486 C'n.
940 2444 1148 2486 Cornelius
1177 2444 1321 2498 Scipio
1351 2445 1586 2498 Hispallus,
1633 2443 1730 2486 suff.
1768 2444 1812 2486 Ο.
1834 2444 2022 2486 Valerius
2052 2445 2274 2497 Laevinum

747 2502 795 2550 Q.
830 2503 1020 2545 Petillius
1048 2502 1291 2557 Spurinus.)
1354 2503 1498 2545 Valer.
1531 2506 1574 2545 et
1605 2503 1804 2545 Petillius
1844 2504 1890 2545 in
1919 2502 2154 2559 Liguribus
2186 2504 2276 2546 bel-

741 2561 833 2609 lum,
862 2564 1032 2618 gerunt,
1063 2562 1126 2604 ibi
1157 2561 1206 2614 Q.
1230 2562 1430 2605 Petillius
1463 2565 1532 2605 est
1564 2562 1753 2614 occisus,
1785 2564 1834 2604 ut
1866 2562 1991 2604 ambo
2024 2574 2113 2604 cos.
2145 2563 2192 2604 in
2223 2575 2273 2605 eo

739 2621 997 2676 magistratu
1035 2622 1193 2664 mortui
1233 2622 1334 2664 sint.
1407 2621 1473 2664 Ti.
1509 2621 1731 2664 Gracchus
1770 2621 1816 2663 111
1839 2620 2052 2664 Sardinia
2088 2621 2273 2677 rebelles

537 2691 540 2694 ⁴
738 2681 1025 2734 persequitur.
1229 2720 1234 2724 .

380 2735 463 2780 175
543 2736 629 2780 579
692 2736 792 2780 008.
809 2738 860 2780 P.
876 2740 1042 2781 Mucius
1057 2739 1273 2791 Scaevola,
1306 2739 1369 2781 M.
1386 2739 1586 2782 Aemilius
1601 2739 1786 2793 Lepidus
1801 2739 1859 2786 II
1876 2740 1994 2794 pont.
2011 2738 2142 2788 max.)
2193 2739 2276 2781 Per

743 2797 983 2852 interreges
1015 2798 1120 2840 16611
1151 2795 1240 2840 obs.
1261 2798 1461 2854 Ligures,
1495 2799 1570 2853 qui
1589 2798 1757 2840 Lunam
1777 2798 1992 2852 Pisasque
2026 2797 2276 2853 depopulati

742 2858 877 2908 erant,
911 2857 1132 2911 subigunt.
1207 2857 1274 2899 Ti.
1308 2856 1532 2900 Gracchus
1564 2857 1618 2899 de
1650 2856 1800 2900 Sardis
1833 2856 2008 2899 domitis
2040 2857 2275 2912 triumphat

740 2913 891 2965 (Sardi
919 2915 1132 2967 venales);
1165 2916 1431 2971 triumphant
1460 2917 1590 2959 etiam
1626 2915 1920 2961 &Laevinus
1955 2918 1998 2958 et
2027 2915 2075 2958 P.
2106 2917 2273 2959 Mucius

742 2973 795 3016 de
824 2973 877 3016 Li
911 2974 1073 3017 uribus.
1112 3004 1115 3006 -
1370 3000 1372 3003 -

380 3030 463 3073 174
543 3030 631 3084 580
693 3031 791 3075 008.
823 2986 909 3087 Sp?
932 3034 1164 3076 Postumius
1192 3032 1367 3074 Albinus
1397 3033 1630 3085 Paullulus,
1668 3032 1716 3080 Q.
1739 3033 1905 3073 Mucius
1931 3031 2175 3083 Scaevola.)
2222 3032 2271 3075 L.

743 3091 912 3147 Scipio,
955 3093 1048 3135 sive
1085 3092 1125 3134 is
1159 3090 1236 3134 Gn.
1269 3091 1372 3143 11111,
1411 3090 1606 3133 Africani
1642 3090 1758 3134 filius
1791 3091 1992 3146 degener,
2033 3092 2173 3147 gratia
2205 3090 2275 3134 Ci-

742 3151 874 3193 cereii
914 3151 1016 3193 olim
1062 3150 1234 3193 clientis
1283 3151 1352 3193 sui
1396 3153 1569 3205 praetor
1613 3150 1696 3193 hoc
1737 3161 1848 3192 anno
1896 3149 2036 3192 factus
2075 3150 2271 3192 traditur.

744 3209 792 3260 Q.
816 3209 1037 3252 Voconius
1070 3209 1188 3253 Saxa
1217 3209 1315 3252 trib.
1348 3209 1407 3264 pl.
1439 3209 1581 3265 legem
1619 3208 1782 3264 perfert
1811 3209 1864 3251 de
1894 3209 2120 3251 mulierum
2151 3209 2272 3251 here-

743 3268 963 3320 ditatibus,
995 3281 1122 3323 quam
1155 3268 1262 3312 Cato
1294 3266 1349 3311 65
1381 3281 1590 3311 annorum
1621 3267 1786 3311 suadet.
1840 3267 1968 3310 Gens.
2003 3267 2051 3319 Q.
2079 3268 2273 3320 Fulvius,

690 3366 693 3369 .
746 3326 795 3379 Q.
826 3326 870 3379 f.,
916 3327 1124 3380 Flaccus,
1171 3326 1223 3370 A.
1263 3327 1512 3370 Postumius
1550 3326 1736 3370 Albinus
1786 3339 1934 3370 severe
1974 3327 2274 3382 magistratum

747 3387 966 3438 exercent,
1000 3399 1098 3428 611111
1131 3386 1178 3438 Q.
1200 3386 1380 3429 Fulvius
1411 3387 1556 3442 ipsum
1585 3385 1761 3428 fratrem
1793 3399 2043 3441 germanum
2075 3385 2151 3428 Gn.
2173 3386 2273 3428 Ful-

744 3445 861 3487 vium
885 3447 1039 3487 senatu
1060 3447 1243 3497 moveat,
1266 3445 1506 3500 principem
1529 3447 1705 3488 senatus
1727 3445 1878 3500 legunt
1897 3444 1951 3486 M.
1968 3442 2197 3487 Aemilium
2214 3445 2269 3487 II.

743 3503 800 3546 Hi
820 3516 938 3546 cens.
970 3504 1063 3546 vias
1093 3504 1139 3546 in
1170 3504 1275 3546 urbe
1307 3505 1430 3547 silice
1461 3504 1715 3547 sternendas
1737 3504 1988 3546 locaverunt
2018 3501 2160 3554 (lustr.
2177 3502 2264 3555 51).

740 3560 823 3616 Ap.
857 3561 1064 3606 Claudius
1097 3561 1262 3605 Centho
1294 3575 1412 3617 proc.
1445 3575 1579 3605 ovans
1611 3575 1667 3605 611
1699 3561 1932 3604 Celtiberia
1961 3560 2087 3603 redit.
