2392 4016
887 169 1083 215 historiae
1108 172 1265 215 veteris.
1972 182 2043 222 xv

231 317 387 378 Itaque
409 320 586 378 priam
615 327 656 364 et
683 318 856 364 aaaron
883 321 1094 376 period-un
1122 320 1331 366 historiae
1361 319 1581 366 Romanae
1610 334 1750 380 usque
1779 323 1836 369 ad
1863 335 2043 369 concor·

117 393 232 438 diam
261 393 461 438 ordinum
490 393 735 438 restitutam
774 392 840 444 (a.
861 405 900 436 a.
925 391 1024 437 Chr.
1053 391 1158 447 366,
1187 405 1230 436 u.
1252 404 1290 436 c.
1311 391 1423 444 388)
1464 406 1519 437 ex
1549 394 1666 438 Livii
1693 396 1816 440 libris
1847 408 1928 441 sex
1956 396 2044 454 pri·

116 465 200 510 mis
229 467 435 523 petimus,
465 465 538 510 cui
565 476 705 521 usque
736 464 793 508 ad
822 477 983 509 annum
1013 478 1052 508 a.
1074 463 1175 509 Chr.
1197 463 1301 518 443,
1332 477 1374 508 u.
1396 476 1435 508 c.
1457 464 1560 519 311,
1590 466 1866 523 adiungimus
1887 469 2045 525 Diony-

116 540 220 582 sium
238 539 659 590 Hauon-mmmm,
693 534 909 580 Graecum
940 536 1215 593 scriptorem,
1246 537 1370 580 cuius
1396 536 1447 581 11
1480 537 1579 581 libri
1607 538 1775 594 priores
1797 544 2042 597 supersunt,

119 623 219 655 cum
249 609 406 668 viginta·
434 608 488 653 de
519 608 650 652 rebus
679 607 891 652 Romanis
922 620 1061 665 usque
1092 608 1148 652 ad
1176 609 1362 665 primum
1391 608 1554 653 bellum
1573 609 1800 665 Punicum,
1831 611 1944 655 unde
1965 612 2046 655 Po·

118 681 263 738 lybius
293 680 469 738 incipit,
510 680 862 736 conscripsisset.
923 680 1056 724 Initia
1085 681 1229 737 gentis
1259 693 1498 738 regumque
1529 681 1754 725 historiam
1784 683 1952 736 Livius,
1983 684 2045 726 uti

118 753 304 798 decebat
333 752 380 796 in
409 754 532 796 tanta
561 752 699 808 prisci
727 752 936 809 temporis
970 752 1251 807 obscuritate,
1282 754 1473 798 breviter
1502 766 1553 798 ac
1574 754 1818 798 verecunde
1844 755 2046 807 narravit,

116 825 344 882 Dionysius
372 824 466 868 suis
497 827 650 881 captus
681 824 984 880 opinionibus,
1023 825 1150 880 quasi
1190 826 1336 869 omnia
1365 826 1500 870 sciret
1529 830 1574 870 et
1603 826 1828 883 explorata
1855 826 2047 878 haberet,

118 896 165 939 in
195 895 347 940 eadem
377 908 520 940 rerum
551 895 763 939 inanitate
802 898 1056 953 arroganter
1095 909 1142 940 se
1172 897 1364 942 iactavit.
1432 897 1484 942 In
1523 899 1658 942 altera
1682 899 1853 954 periodo
1882 901 1928 941 et
1955 910 2047 942 cer-

120 967 357 1012 taminibus
386 970 559 1025 patrum
588 980 641 1011 ac
671 967 813 1024 plebis
843 968 1141 1013 describendis
1162 969 1311 1013 Livius
1330 970 1615 1015 similitudine
1634 971 1915 1015 certaminum
1934 970 2048 1013 iuter

119 1040 351 1097 optimates
381 1053 434 1084 ac
460 1039 711 1098 populares,
742 1040 902 1096 quibus
931 1041 1073 1098 ipsius
1105 1044 1225 1086 aetas
1246 1055 1463 1087 concussa
1482 1046 1589 1097 erat,
1621 1043 1841 1099 abreptus,
1872 1042 1927 1086 ad
1947 1054 2047 1086 eau-

123 1111 222 1157 dem
252 1112 465 1156 rationem
494 1112 663 1168 priscas
693 1111 793 1156 illas
827 1113 1065 1158 seditiones
1097 1115 1259 1172 exegit,
1290 1115 1370 1159 sed
1398 1116 1443 1158 in
1475 1128 1527 1159 ea
1556 1127 1602 1159 re
1635 1116 1774 1159 semet
1803 1115 1898 1170 ipse
1930 1114 2047 1157 cohi·

119 1185 268 1229 buisse
298 1183 486 1238 videtur,
515 1196 570 1227 ne
601 1184 788 1241 amplius
819 1197 949 1241 quam
978 1189 1222 1240 exornaret,
1253 1186 1371 1243 quod
1398 1187 1445 1230 in
1474 1187 1786 1230 vetustioribus
1819 1185 2047 1230 annalibus

116 1258 381 1302 invenissetz
415 1254 631 1300 Graecum
662 1268 765 1300 vero
797 1256 1054 1314 scriptorem
1083 1258 1212 1302 hodie
1231 1259 1374 1302 ridere
1394 1258 1540 1311 liceat,
1571 1259 1646 1314 qui
1665 1258 1902 1301 innutritus
1923 1258 2048 1301 scho-

120 1329 288 1373 lasticis
326 1327 547 1372 rhetorum
584 1328 808 1372 exercitiis
846 1332 987 1373 totum
1023 1330 1134 1374 illud
1168 1333 1471 1388 argumentum
1503 1330 1558 1373 ad
1588 1330 1922 1374 ostentationem
1958 1329 2047 1373 elo·

120 1402 322 1458 quentiae
351 1401 626 1444 converterit.
678 1400 844 1444 Vereor
873 1413 929 1445 ne
958 1401 1042 1445 hoc
1072 1402 1282 1446 iudicium
1311 1415 1456 1447 meum
1487 1401 1541 1445 de
1570 1402 1782 1458 scriptore
1803 1400 1935 1458 vulgo
1958 1401 2047 1444 lau-

119 1472 248 1517 dibus
278 1472 498 1517 cumulato
526 1471 676 1515 multis
707 1472 912 1516 acerbum
940 1473 1161 1528 videatur,
1200 1487 1342 1532 neque
1373 1486 1488 1531 nego
1518 1473 1655 1516 multa
1683 1472 1739 1515 ad
1768 1474 2047 1529 antiquitates

119 1543 338 1588 Romanas
367 1542 697 1600 cognoscendas
735 1544 860 1587 utilia
889 1557 947 1588 ex
984 1558 1035 1589 eo
1073 1547 1235 1602 repeti,
1276 1546 1356 1591 sed
1384 1546 1500 1590 idem
1529 1544 1729 1600 intelligo
1766 1547 1911 1588 actum
1949 1557 2047 1588 esse

120 1615 175 1660 de
202 1616 323 1660 omni
348 1615 544 1669 historia,
574 1615 615 1659 si
644 1628 702 1659 ex
730 1616 946 1660 eiusmodi
975 1618 1261 1675 scriptoribus
1293 1618 1399 1661 solis
1421 1621 1540 1661 esset
1562 1617 1783 1662 discenda.
1831 1618 2051 1660 Plutarchi

121 1701 178 1732 ex
205 1689 388 1744 utraque
417 1687 597 1744 periodo
629 1691 732 1732 sunt
762 1689 876 1732 vitae
905 1689 1086 1744 Romuli,
1117 1689 1292 1743 Numae,
1322 1690 1574 1745 Poplicolae,
1610 1690 1833 1744 Coriolani,
1871 1691 2047 1743 Camilli,

121 1772 230 1816 quas
258 1761 373 1804 inter
399 1758 590 1817 reliquas
621 1760 801 1804 minime
832 1762 1238 1816 commendaverim,
1267 1765 1500 1819 propterea
1525 1762 1641 1818 quod
1661 1762 1779 1805 illius
1801 1763 1956 1806 aetatis
1977 1775 2048 1806 res

121 1831 347 1877 Plutarchi
372 1833 469 1876 sive
498 1833 677 1889 ingenio
708 1833 803 1877 sive
834 1834 1055 1877 scribendi
1086 1834 1239 1891 generi
1270 1846 1359 1877 non
1390 1847 1495 1878 sane
1516 1834 1718 1878 videntur
1747 1836 2019 1879 convenisse.

217 1905 426 1956 ,Tertiam
455 1906 668 1960 periodum
706 1907 882 1948 centum
919 1918 1130 1949 annorum
1168 1905 1373 1959 fecimus,
1412 1905 1571 1962 quibus
1610 1905 1797 1962 populus
1829 1906 2049 1951 Romanus

123 1977 357 2022 concordia
385 1977 546 2020 civium
576 1976 880 2025 corroboratus
911 1980 1114 2021 cunctam
1133 1977 1319 2031 Italiam,
1351 1990 1462 2034 quae
1492 1977 1665 2034 proprie
1695 1977 1868 2030 dicitur,
1897 1978 1943 2021 in
1973 1990 2048 2034 po·

123 2050 327 2092 testatem
357 2061 482 2092 suam
513 2047 696 2105 redegit.
750 2047 885 2092 Cuius
915 2049 1124 2092 maiorem
1154 2052 1323 2106 partem
1354 2061 1492 2105 usque
1523 2049 1579 2092 ad
1599 2062 1759 2092 annum
1781 2062 1818 2092 a.
1841 2048 1940 2093 Chr.
1962 2049 2049 2094 293

125 2133 181 2164 ex
208 2121 329 2165 Livii
355 2121 478 2165 libris
510 2121 552 2165 7.
583 2120 625 2165 8.
658 2121 702 2166 9.
735 2121 791 2165 10
821 2121 1144 2177 cognoscimus,
1184 2121 1302 2178 quod
1332 2123 1533 2177 superest
1572 2124 1617 2164 et
1645 2121 1857 2178 imprimis
1889 2122 2049 2165 bellum

123 2204 223 2236 cum
249 2192 418 2249 Pyrrho
446 2205 553 2250 rege
584 2195 758 2250 gestum
788 2204 846 2235 ex
874 2192 962 2235 illis
993 2193 1225 2249 periochis,
1257 2206 1438 2250 quarum
1469 2206 1601 2250 supra
1629 2193 1792 2237 mentio
1822 2192 1939 2237 facta
1967 2196 2049 2246 est,

122 2266 169 2307 et
197 2275 254 2308 ex
282 2265 503 2308 Plutarchi
532 2265 644 2309 libro
678 2264 732 2308 de
762 2264 854 2308 vita
882 2264 1038 2321 Pyrr-ki
1065 2265 1298 2322 colligitur.

246 2336 445 2387 Quartam
478 2338 691 2393 periodum
729 2348 939 2380 annorum
972 2336 1058 2381 120
1095 2349 1233 2394 usque
1272 2337 1328 2382 ad
1366 2337 1671 2395 Carthaginem
1711 2338 2050 2395 Corinthumque

125 2408 297 2453 excisas
329 2421 417 2453 non
455 2409 672 2456 immerito
709 2408 862 2452 florem
900 2409 1116 2466 quendam
1156 2410 1308 2467 populi
1337 2411 1523 2454 Romani
1551 2410 1687 2455 fuisse
1718 2411 1923 2463 dicimus,
1963 2422 2050 2467 quo

124 2484 333 2538 tempore,
363 2482 465 2526 dum
495 2495 544 2526 re
573 2482 750 2539 publica
778 2482 897 2526 domi
926 2482 1088 2539 optime
1118 2484 1359 2539 temperata
1387 2483 1524 2526 utitur
1553 2482 1624 2535 (de
1656 2495 1741 2539 qua
1760 2496 1806 2526 re
1827 2483 2050 2527 conferen-

125 2552 206 2597 dus
235 2553 410 2610 Polybii
438 2554 549 2599 liber
579 2554 763 2607 sextus),
795 2554 912 2597 orbis
943 2556 1154 2598 terrarum
1185 2555 1413 2611 imperium
1445 2556 1674 2598 assecutus
1705 2557 1775 2598 est
1803 2554 2049 2611 dignusque

125 2628 218 2670 erat
247 2627 324 2682 qui
350 2629 668 2683 assequeretur.
719 2626 828 2671 Eius
859 2629 1015 2672 aetatis
1046 2627 1437 2684 locupletissimum
1467 2629 1687 2669 auctorem
1708 2630 1754 2670 et
1773 2639 1873 2670 vere
1892 2629 2049 2670 testem

122 2699 292 2741 veteres
320 2698 565 2742 habuerunt
593 2698 807 2755 Polybium
836 2699 1271 2757 Megalopolitanum,
1313 2711 1396 2741 usu
1427 2698 1491 2741 rei
1520 2697 1719 2741 militaris
1750 2698 1965 2751 edoctum,
2006 2702 2053 2742 et

126 2782 226 2814 cum
256 2770 374 2815 domi
403 2781 508 2814 suae
545 2770 658 2813 inter
687 2771 909 2828 principes
946 2771 1199 2824 haberetur,
1235 2771 1361 2814 iussu
1398 2772 1575 2813 senatus
1607 2769 1787 2814 Romam
1824 2774 2050 2815 evocatum

27 2847 33 2883 ἱ
125 2842 274 2900 ibique
304 2842 548 2897 detentum,
587 2843 662 2899 qui
691 2842 752 2887 40
781 2842 905 2886 libris
945 2842 1171 2887 historiam
1209 2842 1327 2887 orbis
1358 2845 1569 2887 terrarum
1599 2856 1677 2900 per
1705 2842 1814 2887 illud
1843 2843 2051 2899 temporis

127 2916 315 2973 spatium
346 2915 410 2959 ita
445 2914 716 2972 perscripsit,
748 2916 798 2957 ut
826 2914 1102 2971 potissimum
1133 2914 1284 2972 populi
1314 2914 1498 2959 Romani
1528 2927 1699 2971 semper
1727 2915 1939 2958 rationem
1966 2914 2052 2957 sibi

126 2987 367 3032 habendam
397 2986 685 3031 existimaretz
718 2999 818 3030 nam
849 2998 947 3030 cum
979 2986 1118 3043 ipsius
1149 2986 1356 3031 historiae
1387 2986 1558 3031 initium
1590 3000 1616 3030 a
1644 2986 1760 3030 bello
1787 2986 1952 3029 Punico
1983 2997 2050 3029 se-

127 3059 270 3103 cundo
299 3058 493 3103 facturus
525 3059 657 3112 esset,
689 3070 774 3115 quo
804 3058 851 3102 id
870 3059 1032 3103 maiore
1063 3071 1163 3103 cum
1182 3058 1326 3103 fructu
1347 3058 1556 3102 lectorum
1577 3058 1751 3110 faceret,
1784 3058 1909 3114 quasi
1929 3069 2049 3114 praep

126 3131 365 3188 paratiouis
395 3132 492 3175 loco
523 3131 692 3176 duobus
727 3131 945 3188 prioribus
984 3131 1107 3175 libris
1147 3132 1290 3174 bellam
1317 3131 1487 3185 primum
1519 3129 1728 3182 fisticum,
1767 3133 1812 3172 et
1841 3129 2049 3185 Illyric-n·

128 3199 204 3255 (de
234 3213 321 3259 quo
348 3203 454 3247 item
484 3205 606 3247 extat
634 3204 821 3260 Appiani
849 3203 1083 3260 singularis
1113 3201 1304 3252 libellus)
1337 3204 1381 3245 et
1415 3201 1619 3245 Gallicum
1649 3202 1878 3246 enarravit.
1925 3202 2049 3245 Hune

127 3274 277 3318 Liviae
306 3274 370 3319 ita
398 3278 499 3320 ante
529 3275 680 3320 oculos
710 3276 881 3330 habuit,
922 3279 972 3320 ut
1002 3277 1096 3320 eius
1129 3274 1430 3319 auctoritatem
1461 3274 1505 3318 in
1537 3274 1666 3317 rebus
1698 3274 1867 3318 bellicis
1898 3286 2050 3330 presso

127 3348 239 3404 pede
271 3351 538 3405 sequeretur,
569 3350 736 3393 ceteras
767 3361 839 3393 res
869 3361 925 3393 ex
956 3348 1175 3392 annalium
1207 3347 1346 3404 copiis
1379 3346 1571 3400 adderet,
1604 3347 1748 3390 omnia
1777 3346 1937 3390 eximia
1956 3358 2050 3388 ora·

126 3420 260 3464 tionis
290 3420 508 3478 elegantia
538 3423 722 3465 ornaret.
784 3420 889 3475 Sed,
919 3420 1027 3478 proh
1057 3419 1194 3473 dolor,
1226 3431 1307 3463 nec
1337 3419 1502 3476 Polybii
1531 3419 1736 3462 librorum
1769 3418 1853 3462 nisi
1880 3417 1907 3462 5
1936 3417 2050 3474 prio·

127 3504 199 3538 res
228 3493 389 3551 integri
417 3493 577 3538 servati
607 3494 710 3537 sunt
738 3492 894 3551 (usque
922 3492 979 3537 ad
1008 3504 1199 3550 pugnam
1219 3490 1524 3546 Cannensem),
1556 3490 1830 3549 sequentium
1861 3490 1947 3534 nisi
1974 3501 2048 3534 ex-

128 3570 290 3627 cerpta,
319 3568 511 3626 insignia
541 3567 730 3625 quidem,
762 3564 841 3613 sed
868 3563 1112 3625 fragmenta
1138 3567 1284 3611 tamen
1314 3566 1479 3619 extant,
1509 3575 1591 3610 nec
1613 3562 1729 3608 Livii
1757 3561 1964 3609 historiae
1994 3562 2048 3608 ab
