2392 4016
972 236 977 242 ¹
1018 218 1274 260 mecaenas.

181 414 295 458 Pace
329 426 427 457 cum
459 411 640 456 Rhodiis
671 410 788 455 iacta
817 411 1064 456 Demetrius
1093 412 1140 456 iu
1173 410 1402 456 Graeciam
1432 423 1649 465 reversus,
1689 412 1780 456 bel-
1797 369 1928 461 ‘⁰333'

240 472 330 515 lum
371 471 557 516 feliciter
594 470 803 515 adversus
837 469 1131 515 Cassandrum
1167 471 1300 528 gerit,
1340 482 1525 527 eumque
1555 470 1610 513 ad
1639 471 1782 516 Mace·

241 531 415 575 doniam
445 542 583 587 usque
614 530 906 587 persequitur,
937 530 1017 574 sed
1046 541 1073 573 a
1103 532 1225 586 patre
1256 530 1302 573 in
1330 529 1482 573 Asiam
1514 533 1744 573 revocatur
1831 533 1915 578 301

182 590 268 634 Ubi
289 591 559 647 Lysimachus
579 591 624 632 et
643 589 840 632 Seleucus
870 590 1009 646 copiis
1042 589 1289 633 coniunctis
1309 588 1577 646 Antigonum
1609 591 1655 631 et
1684 590 1780 633 eius

240 649 376 694 filium
408 649 463 693 ad
491 649 633 704 Ipsum
663 648 708 691 in
741 648 934 706 Phrygia
963 648 1199 692 devincunt
1230 648 1396 695 (mense
1425 647 1660 706 Augusto),
1691 647 1780 692 An-

238 709 416 765 tigonus
449 707 754 765 octogenarius
786 708 831 751 in
862 718 1011 765 pugna
1041 706 1300 752 interficitur
1830 709 1914 755 301

181 767 354 824 Syriam
386 766 623 820 Seleucus,
665 766 817 810 Asiam
847 767 1060 810 minorem
1091 765 1380 823 Lysimachus
1413 769 1611 823 occupat.
1675 765 1779 811 Cili·

238 826 351 871 ciam
378 825 662 879 Plistarchus‚
696 824 933 870 Cassandri
962 824 1108 878 frater,
1141 826 1323 883 accipit;
1339 847 1342 851 ·
1356 825 1632 870 Ptolemaeus
1665 838 1773 882 quas

238 888 375 929 terras
413 885 585 928 interim
624 887 823 942 ceperat,
870 885 1120 928 Phoenicen
1170 898 1221 930 ac
1262 883 1564 941 Coelesyriam
1602 885 1776 930 retinet.

238 943 526 988 Athenienses
568 957 594 987 a
622 944 844 988 Demetrio
875 943 1172 988 desciscentes
1212 944 1282 988 sui
1319 944 1427 988 iuris
1457 942 1569 988 fiunt
1598 943 1776 1001 (Olym-

237 1003 442 1060 piodorus
451 1002 485 1056 ).
538 1003 784 1047 Demetrius
815 1005 960 1047 tamen
992 1003 1160 1060 aliquas
1191 1002 1326 1048 Asiae
1357 1004 1538 1048 minoris
1567 1003 1699 1048 urbes
1731 1006 1777 1048 et

239 1061 431 1165 beprum
478 1065 523 1107 et
567 1062 733 1120 Tyrum
780 1062 1074 1120 Sidonemque
1120 1063 1374 1121 praesidiis,
1426 1075 1544 1107 mare
1588 1061 1773 1108 navibus

237 1134 262 1165 o
295 1122 418 1165 tinet.

179 1179 470 1235 Stratonicen,
501 1180 636 1225 filiam
666 1193 789 1225 suam
821 1195 845 1226 e
867 1181 1006 1235 Phila,
1037 1180 1255 1239 Antipatri
1286 1180 1330 1235 t,
1362 1180 1550 1226 Seleuco
1572 1181 1774 1235 collocat,

239 1237 438 1284 Ciliciam
478 1241 616 1298 capit,
653 1239 847 1285 Athenas
886 1240 1080 1285 Lachare
1118 1243 1329 1298 tyranno,
1368 1253 1495 1297 quem
1529 1239 1777 1285 Cassander

235 1299 523 1368 imposuerat,
564 1300 748 1357 expulso
787 1300 1093 1359 praesidioque
1131 1302 1177 1345 in
1215 1300 1414 1358 portibus
1454 1302 1499 1344 et
1539 1301 1586 1344 in
1622 1313 1775 1345 museo

237 1359 441 1415 imposito
481 1363 655 1403 coercet
1825 1358 1912 1404 299

176 1416 508 1534 Ροὲἓῗίῗίοηοω
541 1416 760 1474 Corcyrae
793 1418 1040 1463 Cassandro
1069 1417 1337 1475 Agathocles
1367 1430 1447 1462 rex
1470 1418 1774 1477 Syracusanus
1825 1478 1913 1523 299

179 1534 410 1578 Cassander
438 1533 485 1578 i'n
514 1535 769 1579 Macedonia
797 1535 980 1579 moritur
1825 1537 1914 1583 296

172 1592 281 1637 Eius
313 1593 394 1638 filii
425 1593 479 1637 de
510 1607 646 1652 regno
679 1596 849 1639 certant
869 1595 984 1638 inter
1004 1607 1066 1638 se.
1113 1595 1226 1640 Nam
1246 1596 1448 1653 Philippo
1469 1598 1669 1648 mortuo,
1685 1593 1773 1639 An-

203 1709 206 1713 *
234 1653 393 1713 tipater
421 1655 604 1697 matrem
625 1667 748 1698 suam
770 1653 1126 1709 Thessalonicen,
1159 1656 1355 1699 ultimam
1376 1656 1556 1713 stirpem
1576 1657 1773 1699 veterum

188 1724 209 1733 ··
233 1724 400 1769 regum,
429 1712 650 1767 interficit,
681 1713 761 1757 sed
789 1714 884 1770 ipse
916 1714 970 1758 ab
1000 1713 1250 1759 Alexandro
1282 1715 1468 1759 eiicitur.

177 1771 376 1830 Spartam
398 1771 645 1816 Demetrius
676 1773 872 1817 obtinere
903 1786 991 1817 non
1021 1777 1185 1831 potest:
1218 1777 1263 1818 et
1291 1775 1467 1818 interim
1487 1774 1698 1831 quidquid
1727 1774 1773 1817 in

231 1829 339 1874 Asia
359 1832 629 1888 possederat,
652 1833 706 1876 ab
720 1832 1005 1889 Lysimacho,
1029 1833 1230 1887 Seleuco,
1247 1833 1497 1878 Ptolemaeo
1519 1836 1771 1890 occupatur.

172 1889 292 1934 Idem
323 1888 589 1944 Alexandro,
621 1890 859 1936 Cassandri
887 1891 993 1945 filio,
1024 1894 1172 1938 occiso
1204 1909 1277 1937 rex
1296 1895 1360 1947 fit
1389 1893 1663 1947 Macedoniae
1823 1894 1911 1940 294

208 1951 279 1992 'et
309 1961 408 1993 cum
428 1950 605 2007 Pyrrho,
637 1950 831 2007 Epirota,
861 1953 990 2009 regni
1020 1952 1205 2006 aemulo,
1235 1952 1423 1997 feliciter
1453 1953 1615 2002 bellum
1645 1953 1771 2010 gerit.

174 2008 416 2061 Μαιαηᾰον,
448 2010 578 2066 pocta
608 2010 819 2064 comicus,
852 2010 1152 2069 Cephisiensis
1183 2025 1240 2056 ex
1272 2011 1435 2066 Attica,
1474 2011 1532 2057 52
1563 2024 1772 2056 annorum

232 2068 414 2111 moritur
1802 2072 1925 2126 (292)

173 2126 421 2171 Demetrius
461 2140 560 2171 cnm
590 2127 846 2173 Macedonia
883 2143 970 2174 non
1011 2132 1243 2175 contentus
1274 2130 1439 2174 maiora
1468 2132 1610 2188 petat,
1649 2130 1773 2186 Lysi-

231 2187 397 2231 machus
427 2189 472 2230 et
500 2187 687 2243 Pyrrhus
714 2189 762 2232 in
791 2189 1088 2234 Macedoniam
1120 2190 1406 2246 irruptionem
1436 2189 1616 2234 faciunt.
1685 2189 1771 2232 De·

231 2245 412 2289 mettius
435 2259 462 2288 a
481 2245 792 2292 Macedonibus
825 2248 1041 2293 deseritur
1062 2251 1107 2292 et
1125 2248 1231 2306 fuga
1252 2248 1436 2293 salutem
1458 2249 1641 2306 quaerit,
1673 2248 1772 2291 Μα-

200 2305 410 2347 ”οοάοηία-
431 2306 592 2360 potimr
628 2307 814 2363 primum
853 2308 1068 2365 Pyrrhus,
1111 2307 1268 2352 deinde
1307 2307 1362 2362 (7
1394 2308 1618 2352 mensibus
1647 2307 1773 2365 post)
1824 2308 1911 2354 287

230 2363 502 2420 Lysiniaehus
871 2382 875 2386 ’
1824 2367 1912 2413 286

173 2421 421 2467 Demetrius
451 2425 684 2480 postquam
714 2424 878 2469 Thebis
908 2425 1155 2470 libertatem
1186 2426 1393 2479 restituit,
1430 2425 1626 2470 Athenas
1658 2424 1772 2469 sedi-

220 2481 352 2525 ·tione
383 2483 542 2536 amisit,
573 2483 755 2540 reliqua,
787 2497 898 2542 quae
918 2486 966 2529 in
988 2484 1173 2530 Graecia
1193 2487 1408 2539 tenuerat,
1437 2484 1660 2542 Antigono
1683 2483 1770 2528 Go-

231 2543 359 2584 natae
389 2539 479 2585 filio
508 2542 656 2596 tradit,
686 2543 733 2586 in
762 2542 915 2588 Asiam
944 2545 1115 2597 transit,
1155 2544 1235 2588 sed
1263 2545 1318 2588 ab
1348 2543 1606 2600 Agathocle,
1642 2543 1771 2600 Lysi·

233 2599 375 2643 machi
403 2599 509 2654 filio,
538 2601 682 2646 vietus
713 2603 888 2647 tandem
920 2616 972 2648 eo
1004 2603 1209 2660 adigitur,
1241 2605 1291 2647 ut
1311 2602 1497 2648 Seleuco
1529 2614 1691 2659 genero
1720 2614 1769 2646 se

230 2671 283 2702 ca
311 2659 448 2702 tivum
476 2659 621 2704 tradat
1823 2663 1910 2708 285

174 2715 272 2773 Apu
332 2729 461 2774 quem
480 2717 714 2776 Apameae,
746 2720 901 2777 Syriae
925 2720 1100 2777 oppido,
1131 2721 1177 2763 in
1200 2720 1453 2776 captivitate
1475 2732 1588 2764 auno
1610 2720 1767 2764 aetatis

230 2775 287 2820 54
318 2777 522 2827 moritur„
561 2778 782 2835 Sepelitur
811 2792 837 2822 a
866 2779 956 2823 filio
988 2779 1263 2824 Demetriade
1820 2781 1908 2826 283

171 2834 430 2905 Ptolemaeus
469 2832 495 2879 ὃ
535 2834 710 2907 σφτήρ,
751 2837 948 2882 infensus
988 2839 1140 2882 maiori
1177 2839 1267 2883 filio
1302 2839 1535 2882 Ptolemaeo
1570 2838 1768 2890 Cerauno,

231 2895 1206 3013 3:303?ssstsszfflwfufflffidssssiss?
1208 2900 1308 3002 ¹31²&
1331 2900 1767 3010 232321‘323‘335‘3112‘,
1818 2958 1906 3004 285

232 3013 413 3056 moritur
443 3013 500 3058 84
530 3028 741 3060 annorum
1821 3018 1909 3064 283

172 3070 444 3127 Lysimachus
473 3074 526 3118 ab
557 3087 694 3119 uxore
713 3075 899 3120 Arsinoe
930 3075 1140 3132 deceptus
1160 3075 1459 3134 Agathoclem,
1478 3074 1614 3118 filium
1642 3087 1767 3118 suum

234 3130 582 3177 interficiendum
613 3137 736 3179 curat
1820 3135 1907 3181 283

173 3186 307 3232 Fiunt
337 3203 432 3233 eam
465 3192 520 3235 ob
551 3206 727 3237 eausam
758 3193 887 3251 fugae
919 3196 964 3237 et
994 3193 1263 3238 defectiones
1294 3192 1538 3249 principum
1570 3193 1707 3250 regni.

173 3246 370 3291 Seleucus
399 3262 537 3306 paene
569 3252 874 3309 octogenarius
906 3255 1057 3297 contra
1078 3251 1387 3309 Lysimachum
1418 3250 1579 3296 bellum
1610 3254 1768 3305 movet,

234 3319 333 3350 eum
363 3308 408 3351 in
438 3308 632 3367 Phrygia
659 3311 797 3355 vincit
826 3314 871 3354 et
901 3310 1064 3355 occidit
1656 3310 1767 3354 med.
1819 3310 1903 3356 281

175 3364 353 3422 Septem
391 3368 616 3412 mensibus
658 3372 759 3426 post
795 3369 935 3414 victor
964 3370 1161 3412 Seleucus
1198 3369 1243 3412 in
1273 3367 1568 3413 Macedoniam
1600 3369 1770 3425 proiici-

234 3436 362 3526 scgns
401 3439 535 3484 prope
566 3426 887 3484 Lysimachiam
927 3442 953 3471 a
983 3427 1232 3472 Ptolemaeo
1273 3426 1470 3472 Cerauno
1511 3428 1658 3473 furtim
1697 3441 1770 3473 oc·

233 3482 273 3528 ci
304 3483 392 3527 itur
1309 3535 1318 3543 ,
1820 3490 1909 3536 280

175 3542 422 3596 Antiochus,
456 3542 631 3589 Seleuci
661 3543 799 3596 filius,
840 3544 1012 3603 Syriam
1044 3546 1280 3603 Asiamque
1312 3558 1363 3591 su
1395 3547 1600 3599 eriorem,
1632 3547 1769 3591 Ptole-

232 3617 370 3647 maeus
414 3603 711 3649 Macedoniam
759 3607 804 3649 et
849 3604 1079 3650 Thraciam
1127 3608 1260 3651 tenet.
1326 3603 1344 3660 (
1390 3605 1545 3663 yrrhus
1590 3605 1772 3663 Epirota
1814 3652 1817 3672 ἦ

2059 222 2117 268 37

1971 370 2118 461 ῗιεῖ

1984 533 2117 580 1193

1983 710 2115 755 1194

1978 1358 2111 1404 1202

1977 1538 2058 1583 121
2087 1540 2107 1582 1

1975 1894 2056 1940 121
2081 1895 2109 1940 3

1974 2072 2059 2118 122
2084 2074 2105 2117 1

1974 2308 2060 2355 123
2084 2310 2105 2354 1

1973 2367 2059 2414 123
2081 2368 2108 2412 2

1974 2663 2058 2708 123
2077 2664 2105 2708 3

1973 2780 2057 2826 124
2080 2781 2106 2826 2

1973 3017 2055 3062 124
2078 3017 2104 3061 2

1973 3134 2055 3180 124
2078 3133 2105 3179 2

1972 3310 2104 3356 1244

1971 3490 2055 3536 124
2074 3491 2103 3537 4
