2392 4016
379 156 435 200 64

379 312 408 335 a.
421 302 503 334 cnr.

408 346 494 391 395

409 521 495 564 394

410 637 496 682 393

411 988 496 1033 392

411 1222 494 1272 391

413 1382 507 1441 390'

414 2395 499 2439 389

414 2803 501 2847 388

415 2978 500 3021 387

417 3152 502 3196 386

418 3326 503 3372 385

1146 153 1323 193 Annales
1354 152 1522 193 Romani

579 310 654 333 {Lea

575 345 660 390 359
731 345 798 387 VI
813 346 906 387 trib.
937 345 1018 386 mil.
1052 360 1157 386 cons.
1185 352 1269 397 pot.
1302 342 1423 393 (Liv.
1446 340 1487 395 5,
1510 340 1593 395 24)
1622 345 1793 396 patricii
1820 359 1963 396 omnes,
2005 359 2129 398 neque
2158 346 2299 387 exinde

773 419 858 456 usq.
891 404 950 445 ad
977 418 1016 445 a.
1048 402 1135 446 379
1166 418 1206 444 a.
1244 402 1335 443 Chr.
1366 402 1536 454 plebeiis
1564 417 1734 444 summus
1765 404 1887 445 honos
1917 405 2156 445 conceditur.
2219 403 2300 446 Co-

775 462 891 504 lonia
922 461 966 504 in
998 474 1147 516 agrum
1170 461 1425 503 Volscorum
1458 460 1654 503 mittitur.

576 520 663 564 360
733 521 799 563 VI
825 522 916 562 trib.
948 521 1030 562 mil.
1064 535 1168 561 cons.
1198 528 1281 573 pot.
1315 518 1431 586 (Liv.
1465 517 1514 570 5,
1546 517 1642 571 26).
1702 519 1909 571 Faliscis,
1950 533 1974 560 a
2006 518 2186 561 Camillo
2227 520 2299 562 ob-

575 636 658 681 361
724 577 1707 687 Cos-sessis,xpffiricllagtulgopiitssntssusbome]ius
1737 635 2064 691 Maluginensis,
2096 636 2169 691 qui
2201 649 2296 699 cum

777 695 879 738 vitio
910 694 1014 737 facti
1037 695 1326 746 abdicassent,
1359 694 1413 736 L.
1435 694 1654 735 Lucretius
1673 694 1839 746 Flavus,
1871 694 1962 735 Ser.
1985 694 2196 748 Sulpicius
2221 695 2298 736 Ca-

773 753 985 804 merinus.)
1052 753 1161 809 Agri
1189 753 1418 796 Veientani
1464 755 1644 808 septena
1686 753 1837 808 iugera
1883 753 1998 808 plebi
2038 753 2299 795 dividuntur.

778 812 997 855 Vitelliam
1037 812 1118 854 col.
1159 812 1282 854 Rom.
1322 812 1365 853 in
1406 823 1484 853 suo
1524 823 1627 867 agro
1660 811 1800 866 Aequi
1837 814 2100 866 expugnant.
2172 811 2299 854 Cens.

773 870 823 914 L.
855 871 1054 926 Papirius
1087 872 1131 912 et
1162 869 1210 913 C.
1243 870 1378 913 Iulius
1411 869 1531 912 Iulus
1564 867 1680 921 (suff.
1702 870 1750 912 P.
1775 868 1946 912 Cornel.
1970 870 2299 926 Maluginensis)
2368 906 2373 910 .

623 957 626 960 «
773 929 957 972 lustrum
988 928 1180 971 condunt
1213 928 1280 971 17.
1314 927 1484 979 (Censa
1517 926 1688 977 152573
1720 927 1901 983 capita).

577 988 662 1032 362
725 987 825 1029 Cos.
857 987 910 1028 L.
939 987 1127 1029 Valerius
1146 987 1322 1039 Potitus,
1355 987 1420 1029 M.
1451 986 1640 1029 Manlius
1665 985 1957 1040 Capitolinus.)
2004 986 2173 1028 Bellum
2205 999 2301 1028 cum

777 1045 1126 1094 Volsiniensibus
1159 1045 1295 1087 oritur
1326 1044 1441 1095 (cum
1472 1044 1665 1087 Sutrium
1695 1047 1740 1087 et
1768 1044 1949 1100 Nepete,
1981 1046 2026 1087 in
2058 1047 2178 1087 tanta
2207 1058 2303 1100 per·

773 1103 1018 1145 turbatione
1048 1102 1582 1154 Etruriae,.Romanorum
1612 1102 1727 1145 facta
1757 1102 1942 1155 essent),
1984 1103 2062 1146 sed
2092 1104 2230 1158 inseq.
2264 1117 2300 1145 a.

775 1161 1062 1216 componitur.
1122 1160 1256 1203 Exitu
1286 1160 1389 1202 anni
1415 1161 1656 1216 interreges
1687 1162 2011 1215 aegrotantibus
2043 1174 2133 1204 cos.

579 1221 665 1264 363
738 1220 803 1264 VI
829 1221 922 1262 trib.
953 1220 1036 1262 mil.
1068 1235 1173 1261 cons.
1203 1227 1287 1273 pot.
1320 1217 1440 1271 (Liv.
1473 1218 1523 1271 5,
1554 1218 1636 1271 32)
1675 1217 1767 1262 Gal.
1802 1218 1979 1270 Quintil.
2020 1220 2186 1262 ineunt.
2247 1220 2302 1262 M.

774 1279 932 1322 Furius
966 1277 1174 1321 Camillus
1205 1291 1231 1320 a
1261 1277 1310 1320 L.
1335 1276 1550 1333 Appuleio
1581 1277 1816 1320 Februario
1848 1278 1947 1320 trib.
1978 1278 2036 1333 pl.
2071 1281 2303 1321 accusatus

775 1338 829 1381 ob
859 1337 1064 1393 praedam
1085 1337 1369 1380 Veientanam
1398 1337 1444 1378 in
1476 1336 1654 1378 exilium
1685 1336 1786 1379 abit.

581 1397 668 1440 364
739 1397 806 1439 VI
839 1398 931 1438 trib.
970 1397 1052 1438 mil.
1093 1411 1198 1438 con-³.
1234 1404 1335 1450 pot„
1374 1396 1488 1438 inter
1525 1407 1634 1450 quos
1674 1398 1763 1438 tres
1801 1396 1928 1437 Fabii
1965 1394 2082 1447 (Liv.
2115 1393 2163 1446 5,
2206 1394 2303 1446 36).

774 1455 870 1497 Hoc
909 1467 1021 1497 anno
1058 1467 1128 1497 res
1164 1454 1360 1496 Romana
1397 1453 1452 1496 ad
1489 1453 1686 1496 ultimum
1725 1453 1966 1509 periculum
2005 1454 2135 1496 venit.
2195 1453 2306 1495 Nam

778 1513 907 1566 Galli,
929 1514 1092 1556 omissa
1114 1511 1253 1555 Clusii
1273 1512 1513 1565 obsidione,
1534 1511 1694 1555 infesto
1717 1513 1911 1554 exercitu
1928 1512 2109 1554 Romam
2130 1514 2303 1567 petunt:

776 1569 962 1614 Romani
991 1571 1046 1614 ad
1060 1571 1220 1613 Alliam
1250 1570 1428 1614 fluvium
1455 1571 1638 1626 turpiter
1657 1571 1888 1614 vinmntur
1909 1569 2026 1622 (XV
2042 1569 2133 1613 Cal.
2152 1570 2305 1622 Sext),

778 1633 822 1673 et
858 1630 962 1686 fuga
998 1643 1076 1686 per
1104 1630 1248 1672 vicina
1284 1629 1443 1685 oppida
1480 1630 1664 1672 salutem
1700 1632 1926 1685 quaerunt.
2002 1629 2109 1671 Urbs
2147 1631 2306 1671 deserta

778 1690 939 1743 capitur
959 1705 987 1730 a
1013 1689 1150 1732 Gallis
1180 1691 1224 1731 et
1243 1688 1502 1740 incenditur,
1536 1687 1797 1743 Capitolium
1819 1688 2114 1730 tantummodo
2137 1688 2306 1730 delecto

776 1747 1014 1790 iuventutis
1052 1746 1270 1802 praesidio
1310 1749 1354 1789 et
1382 1747 1437 1788 Μ.
1469 1746 1619 1789 Manlii
1649 1745 1930 1802 (Capitolini)
1963 1746 2121 1789 virtute
2162 1746 2307 1789 defen-

778 1806 906 1848 ditur.
950 1805 1002 1854 Ιιι
1030 1806 1099 1847 his
1130 1805 1238 1860 reip.
1270 1805 1485 1860 angustiis
1517 1805 1731 1847 maximus
1763 1806 1857 1848 eius
1889 1805 2044 1847 aetatis
2074 1805 2308 1860 imperator

783 1865 977 1906 Camillus
1005 1862 1169 1914 Ardea,
1211 1876 1296 1919 quo
1328 1863 1548 1906 exulatum
1586 1863 1773 1915 abierat,
1810 1866 2038 1906 revocatur
2079 1867 2123 1905 et
2151 1865 2307 1906 iterum

780 1923 964 1965 dictator
995 1922 1176 1975 dicitur,
1211 1921 1420 1978 magistro
1461 1921 1654 1976 equitum
1683 1921 1732 1964 L.
1754 1922 1929 1965 Valerio
1961 1922 2120 1964 Potito.
2182 1923 2306 1964 Hunc

780 1982 1012 2037 scriptores
1044 1981 1229 2024 Romani
1259 1981 1389 2037 vulgo
1419 1981 1595 2023 tradunt
1626 1979 1776 2026 Gallos
1816 1991 1970 2036 prope
1981 1981 2129 2023 urbem
2161 1984 2204 2023 et
2235 1994 2309 2036 ag-

780 2053 978 2096 gressum
1009 2052 1129 2091 esse,
1171 2042 1215 2081 et
1252 2039 1307 2081 ad
1335 2039 1676 2082 internecionem
1706 2051 1843 2094 paene
1876 2038 2068 2091 delesse,
2110 2039 2189 2082 sed
2217 2040 2308 2081 veri

781 2099 965 2142 similius
999 2101 1080 2150 est,
1111 2099 1330 2150 barbaros,
1363 2110 1462 2140 cum
1492 2099 1536 2140 et
1564 2097 1652 2152 ipsi
1681 2097 1727 2139 in
1758 2097 1901 2140 diruta
1920 2098 2058 2139 urbe
2046 2098 2193 2166 1nopia
2213 2111 2306 2153 pre-

779 2159 1017 2208 merentur,
1056 2159 1156 2212 post
1194 2169 1274 2199 sex
1307 2158 1532 2212 septemve
1569 2168 1742 2198 menses
1782 2165 1944 2210 accepto
1970 2158 2104 2210 pretio
2135 2156 2307 2198 domum

780 2216 938 2258 abisse.
997 2215 1193 2257 Romana
1222 2214 1347 2266 urbs,
1386 2214 1555 2257 abiecto
1587 2214 1770 2256 consilio
1792 2214 1924 2257 Veios
1964 2215 2199 2270 migrandi,
2240 2227 2309 2257 ce-

775 2274 922 2316 leriter
949 2273 1205 2315 restituitur.
1259 2272 1367 2316 Cum
1394 2273 1622 2315 Caeritibus
1651 2272 1886 2327 hospitium
1915 2273 2088 2328 publice
2119 2273 2307 2315 factum:

778 2333 872 2375 Liv.
902 2330 944 2384 5,
976 2330 1047 2375 50.

580 2391 665 2438 365
737 2391 803 2434 VI
829 2393 922 2433 trib.
954 2391 1036 2432 mil.
1071 2405 1176 2433 cons.
1201 2397 1289 2443 pot.
1330 2388 1448 2440 (Liv.
1480 2388 1520 2441 6'‚
1558 2387 1625 2440 1).
1688 2388 1911 2440 Romanis,
1952 2402 1977 2429 3
2019 2401 2199 2443 quorum
2241 2402 2309 2432 so-

778 2450 934 2492 cietate
965 2448 1111 2492 Latini
1142 2450 1185 2490 et
1213 2447 1392 2490 Hernici
1424 2446 1608 2490 deficere
1640 2450 1897 2502 coeperunt,
1941 2447 2054 2489 bella
2084 2449 2309 2490 imminent

777 2521 803 2550 a
831 2507 1004 2563 populis
1036 2507 1455 2549 circumiacentibus.
1508 2506 1716 2558 Camillus»,
1747 2506 1921 2548 tertium
1952 2505 2136 2548 dictator
2165 2507 2307 2549 dictus

779 2568 907 2622 (mag.
941 2578 1006 2620 eq.
1031 2565 1078 2608 C.
1102 2565 1287 2608 Servilio
1315 2564 1485 2617 Ahala),
1518 2564 1718 2616 Volscos,
1747 2563 1937 2618 Aequos,
1969 2564 2177 2607 Etruscos
2203 2565 2307 2607 Tar-

778 2625 1027 2680 quinienses
1059 2626 1244 2676 coercet,
1279 2636 1378 2678 cum
1399 2623 1563 2679 triplici
1583 2622 1799 2677 triumpho
1817 2622 1951 2664 redit:
1983 2623 2187 2678 prudenti
2208 2636 2308 2665 con-

695 2724 699 2728 .
778 2684 877 2725 silio
908 2683 1067 2725 civium
1098 2695 1301 2725 numerus
1333 2685 1528 2738 augetur,
1559 2681 1830 2733 VeientibUS‚
1872 2679 2185 2736 Capenatibus,
2228 2682 2309 2724 Fa-

777 2741 898 2784 liscis
932 2741 1108 2783 civitate
1141 2740 1364 2783 donandis

581 2802 667 2845 366
738 2800 805 2842 VI
831 2801 923 2841 trib.
965 2800 1048 2842 mil.
1090 2815 1195 2841 cons.
1229 2808 1318 2853 pot.
1349 2797 1467 2852 (Liv.
1501 2798 1541 2851 6,
1572 2797 1639 2848 4).
1708 2780 1917 2852 Agrariae
1955 2797 2066 2853 legis
2106 2796 2159 2839 de
2199 2798 2306 2840 divi-

782 2857 922 2900 dendo
962 2869 1067 2913 agro
1106 2857 1337 2913 Pomptino
1376 2870 1512 2912 nuper
1543 2856 1716 2901 Volscis
1757 2856 1956 2911 adempto
1995 2856 2156 2899 mentio
2194 2855 2244 2899 fit
2282 2871 2306 2897 a

777 2916 877 2958 trib.
908 2916 966 2971 pl.

583 2976 667 3020 367
739 2975 806 3018 VI
831 2976 924 3017 trib.
955 2974 1037 3016 mil.
1070 2988 1174 3015 cons.
1206 2982 1295 3027 pot.
1337 2971 1461 3024 (Liv.
1495 2972 1536 3024 6,
1568 2971 1637 3022 5).
1704 2972 1869 3014 Horum
1910 2984 2117 3014 novorum
2149 2973 2307 3014 civium
2362 2999 2367 3003 ψ

779 3045 912 3076 causa
948 3033 977 3075 4
1015 3032 1152 3074 tribus
1193 3031 1407 3073 adduntur
1446 3030 1694 3082 Stellatina,
1745 3029 2044 3082 Tromentina,
2087 3030 2306 3083 Sabatina,

665 3133 668 3135 Α
778 3091 1019 3143 Arniensis,
1050 3092 1098 3132 ut
1129 3090 1319 3132 omnium
1349 3101 1551 3131 numerus
1587 3061 1706 3131 esse't
1735 3087 1806 3131 25.
1907 3104 1909 3106 ·

583 3151 670 3194 368
744 3151 807 3194 VI
833 3151 924 3191 trib.
957 3150 1039 3192 mil.
1073 3165 1177 3190 con-3.
1211 3157 1300 3202 pot.
1333 3147 1451 3199 (Liv.
1485 3147 1535 3200 6,
1567 3146 1653 3198 6).Ἰ
1702 3146 1821 3189 Inter
1858 3146 1957 3188 trib.
1994 3146 2036 3189 h.
2068 3159 2105 3189 a.
2137 3147 2192 3189 M.
2221 3147 2305 3189 Fu-

778 3209 869 3251 rius
893 3208 1100 3251 Camillus
1133 3210 1333 3262 quartum
1355 3205 1543 3258 excellit,
1576 3206 1650 3261 qui
1672 3205 1888 3248 Satricum
1909 3205 2025 3260 capit
2046 3218 2100 3248 ex
2116 3205 2305 3258 Volscis,

779 3267 974 3311 Sutrium
1005 3269 1048 3309 et
1075 3265 1241 3321 Nepete
1273 3267 1423 3308 contra
1453 3264 1661 3307 Etruscos
1694 3263 1900 3306 defendit.

583 3327 687 3371 369,
739 3326 807 3369 VI
842 3327 934 3368 trib.
979 3326 1062 3367 mil.
1103 3340 1207 3367 cons.
1252 3332 1336 3378 pot.
1378 3322 1495 3375 (Liv.
1527 3322 1568 3376 6,
1603 3321 1697 3375 ll).
1765 3321 1816 3364 A.
1861 3321 2087 3364 Cornelius
2131 3321 2307 3374 Cossus,

779 3385 964 3427 dictator
1001 3383 1142 3426 dictus
1183 3383 1320 3439 (mag.
1360 3394 1426 3437 eq.
1460 3381 1511 3424 T.
1545 3381 1746 3433 Quinctio
1788 3379 2084 3436 Capitolino),
2124 3379 2308 3423 Volscos

780 3441 935 3485 caedit.
998 3442 1214 3485 Satricum
1245 3441 1417 3485 colonia
1455 3441 1537 3484 civ.
1569 3440 1768 3483 mittitur.
1830 3439 2002 3485 Interea
2039 3439 2085 3480 in
2117 3439 2222 3480 urbe
2253 3438 2308 3480 M.

779 3500 963 3548 Manlius
996 3500 1293 3558 Capitolinus,
1332 3499 1433 3542 dum
1465 3499 1690 3543 obaeratos
1723 3498 1775 3542 de
1805 3497 1931 3553 plebe
1963 3497 2080 3540 cives
2114 3497 2321 3540 3131ιί110--
