2392 4016
345 196 402 240 88
1118 187 1296 228 Annales
1328 187 1502 226 Romani

347 352 379 375 a.
393 343 476 375 Chr.
556 350 591 372 u.
609 350 639 373 c.

377 387 463 432 203
545 386 627 431 551
695 383 796 431 Cos.
824 382 893 425 C'n.
922 381 1127 424 Servilius
1154 379 1318 433 Caepio,
1355 377 1398 420 Ο.
1420 377 1624 420 Servilius
1649 377 1852 428 Geminus,
1888 375 1953 418 16.
1987 376 2094 419 belli
2123 387 2276 427 annus,

743 439 803 485 20
832 440 948 498 legg.
983 438 1067 483 160
1096 435 1310 487 navibus.)
1357 434 1584 479 In-Africa
1613 435 1764 492 Scipio
1795 447 1966 492 procos.
2000 434 2183 477 sublatis
2213 434 2276 476 in-

746 499 885 544 duciis
925 499 1027 542 bina
1058 500 1201 541 castra
1231 494 1447 539 Hasdrub.
1487 498 1530 538 et
1561 494 1776 552 Syphacis
1815 507 1902 537 una
1940 496 2066 537 nocte
2098 492 2277 544 invadit,

743 561 787 603 et
817 558 1018 602 incendio
1052 555 1181 600 delet.
1256 554 1468 609 Reliquiis
1509 554 1731 610 copiarum
1768 554 1904 596 altero
1938 552 2103 609 proelio
2134 552 2277 603 victis,

742 617 936 662 Laelium
976 618 1020 660 et
1049 614 1324 658 Masinissam
1363 612 1418 655 ad
1458 625 1606 668 regem
1636 612 1982 669 persequendum
2014 611 2159 662 mittit,
2205 610 2280 666 qui

743 690 841 721 eum
872 676 1001 719 tertio
1033 673 1199 731 proelio
1230 673 1393 716 victum
1432 672 1610 728 capiunt
1649 671 1896 727 Cirtamque
1929 672 1974 713 in
2016 669 2279 713 deditionem

744 735 976 791 accipiunt.
1051 732 1252 788 Carthag.
1284 730 1572 774 Hannibalem
1610 733 1655 774 et
1691 731 1918 786 Magonem
1958 742 2013 772 ex
2051 728 2178 771 Italia
2214 741 2280 771 re·

743 796 916 846 vocant,
953 791 1032 836 sed
1062 792 1188 847 Mago
1218 789 1384 847 proelio
1417 790 1626 833 acerrimo
1656 790 1702 833 in
1735 789 1879 833 Gallia
1908 802 1934 831 a
1964 788 2011 831 P.
2046 787 2279 839 Quinctilio

744 853 860 897 Varo
891 865 955 909 pr.
988 851 1130 894 victus
1164 852 1208 893 et
1238 849 1487 891 vulneratus
1526 849 1573 891 in
1604 849 1757 892 itinere
1789 848 1990 900 moritur,
2030 847 2165 903 legati
2197 845 2281 888 Ro·
2355 884 2360 889 .

745 925 860 954 mam
890 911 943 954 de
973 922 1082 966 pace
1114 908 1238 952 missi
1267 921 1315 951 re
1345 907 1508 951 infecta
1534 907 1730 951 redeunt.

805 970 856 1012 In
894 969 1020 1012 Italia
1051 968 1100 1011 P.
1133 967 1356 1023 Sulpicius
1390 965 1530 1010 Galba
1569 966 1671 1010 dict.
1712 967 1848 1022 (mag.
1883 978 1949 1021 eq.
1981 965 2036 1007 M.
2070 962 2279 1013 Servilio)

747 1040 902 1071 causas
935 1027 1159 1081 civitatum
1191 1037 1301 1081 quae
1333 1023 1388 1067 ad
1417 1024 1704 1068 Hannibalem
1735 1025 1998 1076 defecerant,
2030 1022 2280 1079 cognoscit:

745 1085 976 1137 Picentini,
1010 1083 1184 1135 Bruttii,
1217 1083 1686 1138 Lucani-gravioribus
1717 1082 1963 1126 foederibus
1994 1082 2175 1126 astricti.

383 1147 468 1192 202
550 1146 635 1192 552
699 1145 799 1189 Cos.
830 1143 1114 1186 MServilius
1135 1142 1269 1184 Putea:
1295 1141 1499 1194 Geminus,
1542 1141 1606 1183 Ti.
1634 1141 1831 1184 Claudius
1849 1140 2003 1192 Nero.)
2053 1141 2281 1192 Hannibal,

749 1204 891 1247 classe
930 1202 985 1245 ad
1023 1201 1195 1258 Leptim
1235 1199 1437 1256 appulsa,
1485 1199 1662 1243 Zamam
1698 1202 1889 1243 venerat.
1964 1200 2146 1243 Frustra
2185 1212 2284 1243 cum

750 1262 868 1319 Scip.
900 1261 953 1304 de
983 1273 1091 1317 pace
1123 1259 1393 1312 collocutus,
1434 1258 1603 1314 ingenti
1638 1259 1805 1316 proelio
1845 1259 1959 1302 inter
1987 1258 2283 1314 Naraggaram

750 1324 794 1364 et
813 1321 990 1364 Zamam
1021 1320 1149 1363 urbes
1183 1331 1282 1361 cum
1313 1330 1364 1360 eo
1398 1317 1608 1374 confligit,
1639 1320 1826 1368 vincitur,
1858 1318 2024 1361 civibus
2047 1318 2139 1360 suis
2159 1317 2282 1373 pacis

751 1383 903 1424 auctor
922 1378 984 1422 fit.
1037 1378 1230 1428 Induciis
1253 1377 1383 1420 trium
1403 1378 1617 1420 mensium
1637 1378 1894 1434 impetratis,
1925 1377 2060 1432 legati
2081 1375 2283 1431 Carthag.

751 1452 849 1483 cum
880 1437 1209 1482 condicionibus
1242 1450 1268 1478 a
1289 1435 1494 1493 Scipione
1523 1437 1697 1492 scriptis
1730 1437 1911 1479 Romam
1937 1434 2284 1492 proficiscuntur.

749 1498 921 1540 Interea
953 1496 1020 1539 Ti.
1052 1496 1169 1539 Nero
1202 1507 1308 1547 cos.,
1340 1495 1416 1538 cui
1441 1494 1589 1537 Africa
1617 1495 1844 1551 provincia
1872 1493 2007 1548 (alter
2038 1507 2127 1537 cos.
2159 1494 2285 1537 Etru-

750 1557 859 1600 riam
889 1555 1156 1612 provinciam
1186 1554 1401 1604 habebat)
1437 1554 1534 1610 pari
1563 1567 1662 1597 cum
1694 1554 1900 1610 Scipione
1932 1554 2135 1609 imperio,
2178 1553 2286 1596 obti-

752 1617 887 1671 gerat,
919 1615 1108 1657 maxima
1137 1612 1328 1656 bellandi
1359 1612 1597 1668 cupiditate
1626 1612 1853 1669 flagrabat,
1885 1613 1964 1656 sed
1995 1626 2136 1655 rerum
2158 1625 2287 1668 appa-

750 1676 848 1717 ratu
879 1675 923 1716 et
951 1673 1284 1729 tempestatibus
1315 1671 1550 1727 impeditus
1580 1672 1849 1728 provinciam
1881 1684 1967 1715 non
1999 1672 2188 1728 attingit.
2241 1670 2286 1713 Is

752 1736 894 1775 metus
927 1731 1125 1787 Scipioni
1154 1732 1200 1773 in
1231 1731 1377 1773 causis
1410 1734 1489 1783 est,
1521 1743 1598 1773 cur
1628 1744 1783 1787 pacem
1812 1730 1909 1774 fieri
1939 1731 2056 1773 velit.

814 1790 1098 1834 Comitiorum
1129 1802 1263 1845 causa
1294 1788 1343 1832 O.
1377 1788 1588 1832 Servilius
1620 1790 1739 1843 dict„
1770 1790 1818 1833 P.
1850 1790 1975 1833 Aelio
2007 1790 2142 1832 Paeto
2173 1802 2287 1844 mag.

755 1862 837 1951 sill„
875 1862 957 1951 nge
972 1850 1050 1951 tagi
1088 1849 1170 1949 hpc
1185 1859 1502 1950 tanno‘tusque
1541 1847 1596 1891 ad
1634 1847 1684 1891 L.
1718 1848 1885 1892 Sullam
1924 1862 2002 1904 per
2035 1848 2120 1892 120
2151 1860 2288 1891 annos

755 1921 868 1951 uus
929 1920 1085 1951 lcaor
1133 1919 1368 1950 acuses.
1822 1917 1830 1921 ·

389 1969 471 2013 201
555 1968 642 2012 553
705 1967 807 2012 Cos.
834 1968 904 2010 Cn.
933 1968 1142 2010 Cornelius
1162 1967 1374 2019 Lentulus,
1408 1966 1459 2018 Ρ.
1481 1966 1628 2008 Aelius
1657 1965 1851 2017 Paetus.)
1906 1966 2063 2022 Populi
2093 1966 2217 2008 iussu
2248 1968 2292 2007 et

754 2029 926 2084 patrum
965 2026 1222 2068 auctoritate
1253 2025 1442 2079 Scipioni
1478 2026 1694 2067 arbitrium
1718 2027 1862 2079 pacis,
1882 2026 2037 2073 ‚invito
2070 2024 2148 2068 Cn.
2180 2024 2291 2067 Len-

753 2086 845 2128 tulo
877 2098 983 2138 cos.,
1009 2086 1270 2140 permittitur,
1307 2083 1374 2127 18.
1395 2083 1502 2126 belli
1531 2096 1659 2126 anno.
1709 2084 1828 2127 Inter
1857 2085 1979 2140 pacis
2011 2084 2290 2126 condiciones

755 2144 872 2195 (Liv.
905 2144 978 2196 30,
1011 2143 1083 2186 37.
1114 2142 1202 2196 43)
1234 2143 1314 2185 hae
1345 2142 1486 2197 fuere:
1529 2146 1578 2185 ut
1611 2143 1756 2187 10000
1786 2143 1951 2186 talenta
1987 2144 2034 2185 in
2065 2142 2123 2186 50
2154 2155 2290 2185 annos

757 2203 907 2258 aequis
938 2202 1222 2258 pensionibus
1263 2201 1482 2257 descripta
1513 2201 1753 2254 solverent,
1791 2214 1942 2245 omnes
1972 2202 2126 2257 longas
2158 2214 2291 2244 naves

758 2264 801 2304 et
831 2261 1084 2316 elephantos
1115 2260 1355 2312 traderent,
1394 2260 1556 2302 bellum
1594 2259 1766 2303 iniussu
1794 2273 1894 2316 pop.
1927 2260 2052 2302 Rom.
2085 2274 2139 2303 ne
2170 2273 2292 2316 gere-

755 2324 864 2362 rent.
934 2319 1081 2362 Rebus
1114 2319 1369 2374 compositis
1409 2319 1627 2361 exercitus
1667 2318 1723 2361 ad
1750 2319 2015 2375 triumphum
2045 2319 2091 2361 in
2122 2319 2291 2361 Italiam

758 2379 1040 2431 transiicitur,
1073 2378 1228 2422 classis
1260 2377 1317 2420 38
1350 2391 1446 2420 nav.
1479 2391 1504 2419 a
1534 2377 1588 2420 M.
1613 2377 1787 2421 Valerio
1818 2377 2012 2420 Laevino
2044 2390 2214 2434 procos.
2246 2379 2292 2420 in

762 2437 988 2480 Graeciam
1029 2437 1222 2489 ducitur,
1266 2436 1320 2478 ad
1353 2432 1668 2479 observandum
1699 2437 1969 2492 Philippum,
2010 2437 2063 2479 de
2094 2449 2179 2492 quo
2210 2436 2293 2479 fre·
2359 2451 2362 2453 ·

758 2499 940 2552 quentes
973 2496 1191 2539 sociorum
1223 2495 1422 2551 querelae
1454 2495 1510 2537 ad
1539 2498 1739 2538 senatu‘m
1762 2495 2024 2538 deferuntur.
2074 2495 2122 2539 P.
2140 2495 2291 2539 Aelius

759 2555 932 2598 Tubero
963 2557 1137 2610 praetor
1169 2555 1333 2610 primus
1364 2555 1611 2598 universam
1644 2554 1840 2598 Siciliam
1870 2555 1996 2611 regit.

396 2615 483 2659 200
563 2614 649 2659 554
713 2612 813 2657 GOS.
845 2614 898 2657 P.
929 2614 1141 2668 Sulpicius
1176 2613 1314 2656 Galba
1345 2613 1518 2655 Maxim.
1550 2614 1614 2666 II,
1667 2614 1710 2656 C.
1742 2614 1936 2656 Aurelius
1973 2614 2104 2655 Cotta.
2106 2613 2131 2664 )
2185 2612 2293 2656 Cum

761 2674 892 2716 etiam
922 2673 1211 2716 Athenienses
1251 2672 1304 2715 de
1343 2673 1459 2729 agris
1493 2686 1518 2715 a
1547 2673 1747 2728 Philippo
1778 2673 1960 2716 vastatis
1998 2675 2293 2728 quererentur,

762 2734 939 2775 senatus
970 2732 1132 2775 bellum
1172 2734 1323 2774 contra
1357 2744 1505 2787 regem
1544 2731 1751 2784 decernit,
1782 2734 1837 2776 et.
1858 2732 1905 2774 P.
1939 2731 2181 2787 Sulpicius,
2223 2731 2293 2773 cui

762 2804 814 2833 ea
852 2790 1076 2845 provincia
1115 2791 1350 2846 obtigerat,
1394 2791 1526 2842 (alter
1558 2791 1852 2843 cos-Italiam
1881 2789 2090 2841 habebat)
2132 2791 2294 2846 populo

760 2849 1008 2905 persuadet,
1039 2852 1088 2891 ut
1116 2849 1231 2892 idem
1261 2850 1421 2892 iubeat.
1491 2849 1692 2893 Adventu
1725 2850 1880 2892 classis
1912 2850 2132 2896 Romanae
2163 2848 2294 2892 Athe-

761 2921 842 2950 nae
875 2907 1100 2950 obsidione
1132 2908 1382 2950 liberantur.
1435 2908 1486 2950 In
1519 2908 1661 2952 Gallia
1682 2909 1904 2960 Insubres,
1937 2907 2175 2950 Cenomani
2196 2908 2295 2951 Boii

762 2966 975 3010 rebellant
1007 2965 1287 3021 coloniasque
1319 2967 1443 3008 Rom.
1477 2968 1655 3022 capiunt
1684 2980 1735 3009 ac
1767 2967 1989 3022 diripiunt.
2060 2967 2124 3009 De
2154 2967 2210 3010 iis
2242 2966 2292 3008 L.

761 3026 920 3069 Furius
952 3025 1175 3081 Purpureo
1215 3039 1279 3080 pr.
1320 3026 1584 3081 triumphum
1616 3026 1720 3081 agit,
1759 3039 1815 3068 ex
1851 3025 2067 3081 Hispania
2097 3025 2146 3068 L.
2180 3025 2294 3068 Len·

763 3085 882 3128 tulus
915 3097 1048 3127 ovans
1079 3083 1205 3127 redit.

399 3145 482 3188 199
565 3144 650 3189 555
715 3145 815 3189 Cos.
846 3145 902 3187 L.
939 3143 1147 3185 Cornelius
1176 3143 1388 3195 Lentulus,
1420 3143 1471 3184 P.
1492 3143 1641 3186 Villius
1675 3142 1924 3197 Tappulus.)
1985 3142 2034 3185 P.
2073 3142 2293 3198 Sulpicius

727 3234 730 3236 -
760 3214 931 3259 procos.
971 3202 1027 3244 ad
1062 3201 1172 3245 fines
1202 3202 1480 3249 Macedoniae
1518 3203 1565 3245 in
1596 3202 1882 3256 Dassaretiis,
1921 3202 2136 3254 Eordaea‚
2178 3201 2294 3257 Lyn-

763 3261 927 3304 cestide
966 3261 1134 3304 levibus
1174 3261 1482 3304 certaminibus
1521 3274 1619 3304 cum
1659 3261 1859 3317 Philippo
1898 3263 2083 3317 pugnat,
2131 3260 2296 3316 aliquot

705 3368 708 3371 ,
765 3320 924 3376 oppida
956 3321 1091 3375 capit,
1132 3320 1273 3364 classe
1305 3320 1356 3363 L.
1386 3319 1621 3376 Apustius,
1661 3321 1754 3364 eius
1786 3320 1978 3376 legatus,
2018 3333 2116 3362 cum
2147 3319 2293 3362 Attalo

763 3393 865 3436 rege
905 3380 948 3421 et
987 3378 1167 3422 Rhodiis
1208 3380 1338 3422 maris
1377 3379 1604 3435 imperium
1644 3379 1852 3423 obtinent.
1931 3379 1978 3421 P.
2004 3379 2162 3421 Villius
2203 3391 2291 3421 eos.

765 3452 862 3481 cum
896 3451 992 3480 sero
1023 3438 1068 3479 in
1100 3439 1366 3493 provinciam
1398 3439 1605 3491 venisset,
1640 3438 1857 3494 Corcyrae
1889 3435 2144 3489 hibernat*)‚
2186 3437 2294 3480 alter

487 3525 536 3577 *)
568 3527 630 3564 Ea
658 3539 700 3564 re
732 3528 883 3564 factum
906 3530 978 3573 est,
1009 3530 1055 3563 ut
1076 3527 1120 3562 T.
1139 3526 1280 3564 Livius
1302 3539 1364 3563 res
1385 3527 1462 3564 hoc
1485 3538 1588 3564 anno
1611 3530 1757 3575 gestas,
1790 3526 1862 3564 lib.
1879 3527 1929 3564 31
1954 3526 2048 3564 inde
2071 3537 2095 3562 a
2116 3537 2205 3577 cap.
2222 3526 2291 3573 33,

372 3585 475 3623 falso
509 3587 561 3622 ad
592 3587 765 3632 priorem
798 3597 947 3623 annum
978 3585 1174 3623 retulerit.
2270 3587 2273 3590 ’
