2392 4016
291 176 347 220 22
1001 171 1220 220 Imperium
1251 168 1508 209 Graecorum.

292 369 558 416 Demaratus,
590 377 668 406 rex
701 362 897 419 Spartae,
933 361 1084 406 fraude
1116 361 1362 405 Cleomenis
1392 360 1647 404 vitiosorum
1678 359 1886 402 natalium

355 437 488 468 causa
517 423 639 479 regia
670 422 882 478 dignitate
920 421 1140 477 privatus,
1180 423 1224 464 et
1254 433 1366 463 nova
1398 419 1658 463 contumelia
1689 417 1885 469 affectuS,

355 483 410 526 ad
440 483 597 525 Persas
627 481 762 538 fugit,
800 493 902 524 mox
938 481 1162 523 Cleomenes
1199 480 1356 523 mentis
1387 478 1530 522 furore
1562 481 1787 534 correptus
1821 489 1886 520 se-

354 543 536 598 metipse
569 541 811 584 obtruncat.

294 602 441 658 Reges
480 599 806 644 Lacedaemone
844 596 954 640 fiunt
998 597 1289 653 Leotychides,
1337 598 1521 653 agnatus
1562 595 1803 647 Demarati,
1845 597 1889 637 et

354 661 577 711 Leonidas,
608 658 740 701 frater
770 660 814 700 et
843 669 977 713 gener
1009 655 1254 699 Cleomenis

249 721 267 819 ε
297 719 469 763 Interea
507 717 669 760 bellum
710 717 824 758 inter
858 715 1147 758 Athenienses
1188 717 1232 757 et
1262 713 1498 770 Aeginetas
1530 725 1688 769 magno
1720 711 1886 763 ardore,

251 811 254 813 -
357 777 435 821 sed
467 778 624 819 eventu
655 775 785 818 dubio
818 775 982 831 geritur
1015 772 1136 826 (Her.
1171 773 1211 826 6,
1244 772 1333 826 88.)

300 837 425 879 Datis
459 837 502 878 et
523 834 833 890 Artaphernes,
863 834 975 888 regii
1007 835 1220 888 satrapae,
1252 832 1434 875 collecto
1465 831 1660 874 exercitu
1681 831 1730 872 et
1746 828 1888 871 classe

358 895 445 938 600
466 894 656 946 navium,
689 893 818 936 Samo
839 891 1188 948 proficiscuntur,
1220 891 1391 934 Naxum
1414 890 1654 941 devastant,
1675 888 1888 930 Eretriam

356 955 403 996 in
433 953 612 996 Euboea
639 964 718 1007 per
748 951 1037 1007 proditionem
1069 951 1258 1005 capiunt,
1297 953 1341 993 et
1371 949 1532 1005 Hippia
1562 948 1671 991 duce
1701 947 1748 989 in
1778 946 1890 989 Atti-

360 1025 456 1056 cam
497 1011 733 1053 traiiciunt.
813 1009 902 1052 Sed
941 1009 1227 1051 devincuntur
1263 1009 1309 1051 in
1349 1020 1500 1063 campo
1531 1006 1800 1048 Marathonio
1837 1005 1890 1047 ab

358 1069 699 1112 Atheniensibus
741 1067 863 1118 (cum
902 1067 1021 1109 mille
1053 1066 1321 1116 Plataeens.)
1364 1066 1474 1109 duce
1512 1065 1726 1116 Miltiade,
1766 1064 1890 1107 cuius

358 1127 567 1171 victoriae
600 1126 825 1169 sollemnia
845 1127 999 1180 postea
1021 1124 1061 1167 6.
1083 1125 1415 1167 Βοόᾶ10111101115
1437 1124 1506 1166 die
1529 1126 1716 1179 aguntur
1735 1120 1891 1174 (Inter-

358 1186 494 1229 fuisse
525 1185 627 1239 huic
657 1197 830 1240 pugnae
862 1184 1020 1226 dicitur
1049 1182 1295 1239 Aeschylus
1326 1181 1600 1239 tragoedus).

246 1252 261 1337 ἰ
299 1245 547 1297 Miltiades,
579 1257 678 1287 cum
717 1243 874 1285 Parum
913 1255 1161 1299 expugnare
1199 1255 1286 1285 non
1324 1242 1533 1298 potuerit,
1577 1254 1602 1283 a
1636 1238 1890 1295 Xanthippo

360 1306 590 1347 accusatus
622 1303 808 1358 pecunia
838 1302 1064 1344 damnatur
1095 1316 1146 1344 ac
1176 1302 1358 1344 moritur

298 1363 505 1406 Nascitur
533 1362 794 1414 Herodotus,
826 1363 948 1416 pater
977 1361 1182 1403 historiae
1216 1360 1408 1403 Graecae

306 1423 588 1464 Themistocles
619 1422 662 1463 et
691 1421 898 1463 Aristides
929 1419 1066 1473 (arch.
1099 1433 1300 1475 eponym.
1333 1420 1398 1462 01.
1421 1415 1542 1471 72,4)
1575 1416 1744 1459 aemuli.
1796 1414 1892 1458 Ari-

361 1481 496 1524 stides
528 1480 784 1523 ostracismo
822 1480 868 1522 in
908 1479 1087 1522 exilium
1125 1479 1308 1522 mittitur
1339 1477 1505 1530 (tribus
1536 1478 1638 1532 post
1668 1475 1793 1518 annis
1824 1487 1890 1517 re-

358 1538 566 1591 vocatus)

303 1598 619 1642 Themistocles
652 1594 794 1649 (arch.
828 1610 954 1652 epon.
988 1596 1053 1640 Ol.
1090 1595 1215 1649 74,3)
1253 1596 1367 1638 inter
1406 1596 1613 1638 continua
1649 1593 1766 1637 bella
1796 1606 1907 1636 cum-

361 1656 590 1713 Aeginetis
632 1656 734 1698 dum
771 1656 940 1699 civibus
980 1657 1072 1699 suis
1105 1655 1270 1708 suadet,
1311 1658 1359 1698 ut
1390 1668 1446 1697 ex
1474 1654 1685 1697 reditibus
1716 1652 1896 1695 Laurio-

359 1729 455 1759 rum
485 1715 755 1758 metallorum
786 1715 972 1758 classem
1004 1714 1091 1758 200
1124 1715 1298 1757 navium
1329 1713 1534 1766 efficiant,
1567 1711 1763 1755 subsidia
1790 1711 1897 1754 belli

361 1775 530 1818 Persici
556 1776 796 1830 praeparat.

304 1833 539 1890 Ingruente
569 1833 684 1875 fama
713 1832 818 1875 belli
849 1831 1112 1875 Graecarum
1144 1832 1367 1875 civitatum
1401 1830 1634 1874 concilium
1664 1830 1710 1872 in
1730 1828 1896 1872 Isthmo

361 1893 565 1943 habetur,
597 1891 731 1946 legati
761 1891 991 1933 mittuntur
1021 1890 1187 1947 Argos,
1229 1889 1488 1948 Corcyram,
1530 1888 1726 1941 Cretam,
1767 1888 1896 1931 et-ad

365 1951 574 1994 Gelonem
603 1954 687 2005 tyr.
721 1949 1002 2005 Syracusium
1768 1980 1770 1982 ,

304 2011 468 2052 Xera-es
499 2022 597 2053 cum
626 2009 795 2064 ingenti
826 2010 1020 2052 exercitu
1056 2009 1194 2064 primo
1225 2021 1327 2052 vere
1361 2007 1570 2052 Sardibus
1602 2008 1768 2059 movet,
1809 2006 1898 2048 Ma-

365 2069 591 2111 cedoniam
622 2070 666 2110 et
687 2067 960 2110 Thessaliam
989 2067 1118 2110 facile
1141 2068 1331 2120 subiicit,
1363 2080 1462 2109 cum
1485 2066 1751 2110 Graecorum
1775 2078 1897 2108 exer-

367 2128 480 2170 citus
512 2129 718 2169 terrester
749 2126 932 2169 ducibus
963 2126 1159 2169 Eueneto
1189 2126 1294 2169 Lac.
1332 2129 1376 2168 et
1407 2125 1702 2168 Themistocle
1734 2125 1897 2179 Tempe

366 2186 600 2229 omisisset.
661 2184 844 2227 Frustra
875 2198 922 2228 se
954 2186 1162 2228 Leonidas
1191 2198 1270 2228 rex
1299 2185 1458 2227 Laced.
1496 2184 1551 2226 ad
1582 2183 1896 2238 Thermopylas

328 2271 336 2307 3
368 2245 560 2301 opponit,
595 2243 750 2287 classis
785 2243 1048 2287 Graecorum
1079 2243 1161 2286 271
1196 2244 1371 2286 navium
1389 2256 1501 2286 ,cum
1531 2242 1587 2284 ad
1614 2241 1897 2284 Artemisium

325 2307 337 2347 ἑ·
365 2303 704 2359 promontorium
735 2303 901 2345 incerto
934 2306 1091 2355 eventu
1121 2305 1375 2359 pugnasset,
1405 2301 1582 2344 recedit.

308 2363 465 2406 Boeoti
497 2362 552 2404 ad
574 2362 804 2404 Persarum
834 2361 964 2404 fidem
996 2375 1043 2405 se
1075 2363 1305 2418 applicant,
1337 2361 1532 2404 Athenae
1564 2360 1617 2403 ab
1647 2359 1804 2402 incolis
1826 2359 1898 2402 de-

369 2424 509 2465 sertae
539 2420 841 2473 incenduntur,
873 2421 952 2463 sed
981 2422 1213 2463 maximam
1242 2421 1467 2463 victoriam
1490 2420 1544 2462 ad
1564 2419 1814 2461 Salaminem
1833 2419 1899 2460 in-

368 2480 508 2524 sulam
541 2479 805 2523 Graecorum
844 2479 998 2523 classis
1031 2479 1119 2524 380
1157 2481 1332 2523 navium
1363 2480 1568 2534 (quarum
1613 2477 1697 2521 180
1726 2478 1902 2520 fuerunt

368 2536 566 2592 Athen.),
604 2539 846 2593 Eurybiade
877 2540 921 2581 et
956 2539 1219 2582 Themistocle
1250 2539 1455 2591 ducibus,
1487 2537 1557 2581 20.
1589 2537 1806 2580 Boedrom
1835 2550 1900 2579 re-

367 2600 512 2654 portat
542 2597 795 2656 (Euripides
824 2595 1059 2650 nascitur).
1694 2617 1698 2620 ·
1752 2644 1754 2647 v

309 2657 431 2712 Rege
461 2658 651 2709 reverSO,
692 2656 941 2698 Mardonius
971 2670 1069 2700 cum
1099 2658 1221 2712 parte
1254 2656 1471 2699 exercitus
1502 2656 1548 2697 in
1581 2654 1809 2698 Thessalia
1838 2653 1901 2696 hi-

370 2717 543 2767 bernat,
583 2715 832 2769 insequenti
875 2728 985 2758 anno
1017 2714 1212 2758 Athenae
1251 2715 1406 2757 iterum
1439 2715 1686 2769 capiuntur:
1727 2713 1903 2756 tandem

262 2775 268 2780 ’
344 2774 636 2834 ¹Graecorum
674 2774 891 2816 exercitus
940 2774 1149 2817 collectus
1190 2773 1436 2827 (hominum
1469 2770 1669 2824 107210)
1707 2772 1905 2815 terrestri

342 2831 535 2913 {proelio
568 2845 666 2874 cum
695 2831 844 2874 Persis
876 2832 929 2874 ad
957 2833 1159 2875 Plataeas
1190 2832 1405 2888 confligit:
1436 2832 1771 2874 Lacedaemonii
1790 2831 1903 2872 Pau-

342 2888 1695 2956 <
1727 2889 1902 2942 a...)

732 2965 769 2990 ri
811 2965 823 2990 2
1148 2964 1163 2991 1
1356 2963 1463 2991 X1m1

312 3008 476 3050 Eodem
508 3007 576 3049 die
609 3006 667 3058 (3.
688 3006 938 3050 Broedrom.
971 3005 1231 3060 celebratur)
1263 3008 1418 3050 classis
1443 3007 1708 3050 Graecorum
1737 3005 1792 3047 ad
1811 3005 1903 3060 My-

374 3066 497 3109 calen
527 3068 739 3121 promont.
771 3065 956 3108 feliciter
985 3080 1077 3108 rem
1108 3067 1241 3122 gerit,
1279 3066 1511 3108 Persarum
1540 3077 1673 3107 naves
1708 3066 1750 3106 et
1782 3077 1903 3106 exer-

374 3126 506 3167 citum
552 3124 687 3176 delet,
735 3124 1106 3191 IoniaQt.
1176 3125 1381 3167 Reversis
1422 3123 1752 3179 Peloponnesiis
1794 3123 1903 3165 duce

373 3182 663 3238 Leotychide,
702 3183 972 3236 Xanthippus
1002 3186 1176 3240 praetor
1205 3182 1306 3226 Ath.
1339 3183 1515 3226 Sestum
1552 3183 1693 3224 hieme
1733 3181 1904 3224 obsidet

375 3244 418 3284 et
448 3242 644 3297 proximo
677 3254 777 3283 vere
810 3243 926 3296 capit

317 3300 446 3342 Urbis
468 3300 732 3342 Athenarum
764 3301 876 3342 muri
905 3299 1170 3352 reficiuntur,
1202 3299 1350 3342 invitis
1372 3299 1742 3350 Lacedaemoniis,
1767 3298 1904 3354 paulo

375 3360 476 3412 post
514 3358 692 3400 Piraeus
718 3358 971 3401 ‘absolvitur
1010 3371 1059 3401 ac
1099 3359 1232 3402 muris
1271 3359 1546 3412 ingentibus,
1583 3359 1760 3399 *auctore
1793 3357 1904 3399 The-

376 3417 596 3469 mistocle,
634 3418 837 3459 munitur.
907 3416 1071 3458 Eodem
1108 3416 1197 3459 fere
1236 3419 1450 3473 tempore,
1483 3415 1673 3458 Aristide
1713 3418 1905 3467 auctore,

378 3474 610 3516 discrimen
643 3475 849 3517 classium
878 3475 1057 3526 tollitur,
1097 3477 1140 3518 et
1167 3475 1305 3519 infimi
1335 3488 1505 3531 quoque
1537 3476 1654 3518 cives
1687 3474 1742 3517 ad
1771 3474 1905 3529 magi-

378 3535 537 3576 stratus
571 3534 784 3588 gerendos
816 3533 1110 3577 admittuntur.

1924 321 1954 343 a.
1964 311 2047 343 Chr.
2074 311 2217 352 Olymp-

1946 651 2032 696 491

1948 1177 2039 1220 490

1951 1293 2039 1336 489

1950 1352 2040 1396 484

1951 1528 2040 1573 483

1955 1936 2041 1980 481

1957 1996 2047 2040 480

1962 2595 2052 2640 480

1961 2948 2049 2991 479

1964 3239 2052 3283 478

2096 625 2274 694 722⁴³

2098 1160 2234 1220 723⁴

2100 1293 2208 1336 724

2101 1352 2203 1395 741

2102 1528 2208 1571 742

2105 1937 2213 1979 744

2079 1995 2226 2060 Q

2099 2068 2204 2112 751

2111 2594 2213 2639 751

2112 2938 2216 2990 752

2114 3238 2218 3282 752
