2392 4016
394 258 414 303 1
423 260 476 303 16
1159 253 1338 294 Annales
1368 252 1539 294 Romani

391 403 517 436 acar.
585 412 667 436 u.c·
786 444 832 500 (Ι
864 448 970 489 οἶαι,
1002 446 1048 488 in
1070 443 1198 498 Gan),
1249 444 1292 488 Is
1325 457 1424 488 cum
1456 443 1511 487 ad
1542 445 1781 488 exercitum
1811 457 1838 486 a
1869 442 1917 486 C.
1939 442 2097 485 Manlio
2119 442 2319 485 Faesulis

787 505 1019 548 collectum
1051 517 1098 547 se
1130 504 1411 557 contulisset,
1450 503 1594 548 fasces
1627 505 1758 547 sumit
1788 502 2034 558 bellumque
2065 504 2217 544 contra
2246 514 2320 557 pa-

785 565 912 607 triam
953 563 1142 606 molitur.
1214 562 1306 606 Cic.
1340 577 1365 605 a
1397 563 1437 606 d.
1472 571 1502 604 v
1534 562 1598 606 Id.
1629 563 1739 606 Nov.
1779 564 1885 605 orat.
1925 561 2103 603 alteram
2133 559 2187 602 ad
2219 558 2319 611 Qui-

785 624 892 666 rites
924 623 1056 665 habet
1086 624 1213 677 atque
1246 621 1401 675 efficit,
1443 623 1491 664 ut
1523 621 1617 664 Cat.
1653 622 1791 665 hostis
1822 620 2051 663 iudicetur.
2114 619 2226 661 Tum
2255 619 2319 660 in-

786 682 900 724 dicio
924 681 1166 737 legatorum
1181 679 1466 737 Allobrogum
1481 681 1666 736 proditis
1683 681 1917 724 coniuratis
1937 678 2027 722 Cic.
2045 691 2083 719 a.
2100 677 2140 720 d.
2163 677 2191 720 3
2206 676 2317 720 Non.

785 741 890 783 Dec.
935 743 1043 782 orat.
1077 740 1255 782 ¹tertiam
1286 740 1437 792 habet,
1477 740 1663 795 denique
1693 739 1805 782 Non.
1837 738 1942 781 Dec.
1976 736 2111 789 (orat.
2143 735 2319 792 quarta)

787 802 964 842 auctore
998 801 1173 850 senatu,
1212 799 1337 842 iussu
1369 799 1562 841 consulis
1593 799 1639 840 in
1669 810 1844 842 carcere
1885 799 2094 839 necantur
2132 795 2321 850 quinque

785 858 1020 913 principes,
1055 857 1102 900 P.
1135 857 1347 900 Lentulus
1380 857 1505 910 Sura,
1544 861 1731 913 praetor,
1773 856 1821 899 C.
1855 855 2087 911 Cethegus,
2132 858 2320 905 senator,
2374 910 2381 916 ·

785 916 834 958 L.
869 915 1083 968 Statilius,
1115 916 1164 958 P.
1198 915 1408 959 Gabinius
1442 915 1629 968 Cimber,
1659 916 1714 958 M.
1749 914 1999 970 Caeparius.

844 974 993 1030 Pomp.
1027 975 1073 1016 in
1095 973 1298 1016 Iudaeam
1331 975 1567 1018 arcessitus
1600 976 1653 1018 ab
1674 974 1879 1030 Hyrcano
1903 977 1946 1016 et
1966 970 2218 1015 Aristobulo
2239 970 2321 1012 fra-

721 1030 724 1033 ’
784 1032 949 1084 tribus,
989 1031 1042 1074 de
1073 1044 1210 1087 regno
1251 1033 1343 1074 sive
1384 1033 1640 1088 pontificatu
1670 1033 1926 1075 Iudaeorum
1956 1032 2143 1082 maximo
2175 1029 2322 1072 decer-

784 1090 994 1142 tantibus,
1025 1090 1235 1145 templum
1267 1093 1503 1146 expugnat,
1519 1091 1786 1146 'Hyrcanum
1815 1103 1998 1146 regnare
2018 1090 2152 1141 iubet,
2184 1088 2319 1131 Arist.

786 1150 1006 1205 captivum
1037 1148 1228 1201 abducit,
1270 1151 1445 1204 gentem
1487 1149 1815 1205 stipendiariam
1843 1148 1961 1192 facit.
2028 1148 2226 1190 Amisum
2257 1159 2322 1188 re-

783 1220 952 1260 versus,
986 1220 1084 1250 cum
1114 1208 1287 1250 interim
1308 1208 1450 1250 Mithr.
1473 1207 1735 1264 Panticanei
1756 1221 1787 1250 a
1812 1207 1886 1259 um
1890 1208 2023 1259 itibus
2055 1207 2146 1259 §Lu-'2
2169 1209 2213 1248 et
2232 1205 2321 1247 filio

785 1266 1006 1309 Pharnace
1038 1265 1094 1308 ad
1124 1268 1306 1309 mortem
1337 1260 1516 1309 adactus
1549 1270 1681 1321 esset,
1711 1267 1826 1313 hunc
1854 1267 1901 1308 in
1922 1266 2119 1321 Bosporo
2140 1268 2322 1320 regnare

783 1325 918 1378 iubet,
949 1338 1044 1381 ipse
1078 1319 1461 1369 castellaPontica
1488 1326 1647 1382 recipit
1673 1324 2027 1381 provinciamque
2057 1324 2290 1379 componit.

849 1385 892 1426 0.
931 1385 1085 1426 Caesar
1124 1386 1170 1427 in
1207 1385 1349 1427 locum
1383 1385 1548 1428 Metelli
1577 1385 1666 1437 Pii,
1706 1385 1836 1427 victis
1869 1383 1919 1435 Q.
1953 1383 2108 1426 Catulo
2148 1386 2192 1425 et
2224 1382 2323 1425 Ser-

782 1443 888 1485 vilio
920 1443 1132 1496 Isaurico,
1173 1446 1292 1499 pont.
1324 1456 1438 1486 max.
1471 1447 1643 1486 creatur
1674 1457 1699 1486 a
1728 1443 1911 1500 popum,
1951 1442 2024 1485 cui
2052 1442 2135 1484 hoc
2166 1442 2236 1484 ius
2269 1440 2321 1482 Τ.

750 1448 758 1588 l
782 1501 912 1544 Atius
944 1501 2024 1558 Labienusmffiffle‘ffco‘ffielia,
2055 1501 2319 1543 restituerat.

782 1560 832 1602 L.
863 1561 1074 1604 Lucullus
1104 1561 1186 1604 hoc
1218 1561 1391 1604 demum
1423 1574 1535 1604 anno
1565 1561 1804 1617 triumphat
1833 1561 1888 1603 de
1918 1560 2099 1615 regibus
2130 1558 2320 1602 Mithrid.

781 1622 828 1719 pt
860 1619 1066 1675 Tigrane.
1134 1620 1183 1662 P.
1215 1620 1427 1663 Lentulus
1460 1620 1666 1676 Spinther
1702 1619 1933 1676 magnifice
1974 1619 2170 1674 fungitur
2207 1617 2323 1660 aedi-

799 1678 903 1720 itate
937 1678 1087 1721 curuli.

843 1736 944 1778 Cos.
980 1736 1181 1779 Ciceroni
1213 1738 1330 1779 sorte
1361 1739 1565 1790 eyenerat
1593 1736 1862 1789 Macedonia,
1896 1735 1946 1780 C.
1974 1735 2164 1779 Antonio
2196 1735 2324 1778 Italia

783 1807 883 1837 cum
916 1794 1081 1847 Gallia;
1114 1795 1194 1838 sed
1212 1794 1319 1847 Cic„
1350 1798 1399 1837 ut
1427 1796 1639 1852 collegam
1662 1796 1748 1839 sibi
1769 1795 1987 1847 conciliet,
2012 1795 2204 1850 primum
2224 1806 2322 1849 pro-

783 1854 949 1896 vincias
982 1856 1240 1907 commutat,
1280 1854 1436 1896 deinde
1465 1854 1638 1897 Italiam
1668 1867 1767 1898 cum
1796 1854 1986 1897 Antonio
2018 1853 2321 1905 communicat,

781 1912 968 1967 denique
1001 1926 1124 1955 suam
1156 1913 1335 1968 deponit
1365 1926 1415 1955 ac
1449 1913 1499 1965 Q.
1530 1909 1705 1957 Metello
1737 1913 1913 1956 decerni
1942 1913 2119 1968 patitur.
2168 1912 2320 1967 Itaque

782 1971 941 2014 Anton.
975 1975 1019 2015 et
1048 1972 1247 2016 Metellus
1287 1972 1342 2014 ad
1373 1971 1773 2031 Catilinambello·
1799 1971 2145 2028 persequendum
2177 1972 2319 2013 accin-

782 2033 955 2086 guntur.
1487 2065 1490 2068 ,
1610 2055 1616 2058 -
1739 2064 1743 2068 .
1856 2057 1859 2060 .

845 2089 1001 2132 Cicero
1033 2090 1179 2146 legem
1201 2090 1403 2143 Tulliam,
1436 2103 1521 2146 qua
1551 2090 1738 2134 ambitus
1771 2090 1966 2133 severius
1998 2089 2190 2145 punitur,
2222 2088 2319 2140 fert,

781 2150 825 2190 et
855 2148 906 2191 L.
938 2149 1160 2191 Murenam
1199 2161 1288 2191 cos.
1329 2149 1499 2207 design.
1531 2149 1719 2206 ambitus
1757 2163 1889 2206 reum,
1910 2148 2117 2205 deQdst2
2159 2160 2237 2203 pro
2271 2146 2318 2189 C.

780 2205 960 2308 (litlabifio
973 2206 1002 2259 ,⁷
1033 2205 1590 2263 quefii”'”pe'1'·duellioiiis”'T.
1615 2206 1838 2251 Labienus
1884 2210 1938 2250 tr.
1977 2207 2036 2263 pl.
2078 2209 2318 2259 accusarat,

813 2266 900 2308 'cit.
1150 2271 1154 2274 ’

838 2325 892 2367 Η.
926 2338 963 2366 a.
999 2324 1025 2367 9
1049 2324 1139 2368 Cal.
1166 2325 1262 2374 Oct.
1295 2326 1490 2369 nascitur
1525 2326 1570 2369 0.
1598 2326 1805 2380 Octavius,
1839 2325 1915 2381 qui
1933 2326 2089 2381 postea
2107 2325 2321 2379 Auyustus
2388 2370 2392 2375 ,

445 2444 500 2488 62
584 2444 670 2488 692
704 2462 707 2465 ·
733 2384 1323 2496 Οέἕρῗῗῒῗιῗηὶῗιίῒὲὶἷαηαε,
1370 2445 1425 2486 L.
1460 2445 1650 2486 Licinius
1686 2444 1880 2496 Murena,
1930 2444 2065 2498 praet.
2102 2442 2147 2483 C.
2185 2442 2320 2484 Iulius

785 2501 952 2554 Caesar,
989 2502 1032 2544 C.
1052 2502 1272 2557 Veryilius,
1310 2503 1358 2551 Q.
1396 2504 1558 2546 Tullius
1593 2504 1747 2555 Cicero,
1778 2502 1895 2564 {Qud
1912 2555 1932 2558 ᾳ
1955 2513 2054 2544 uem
2070 2500 2138 2543 .Μ.
2164 2500 2318 2544 Cicero

779 2559 996 2613 Archiam*
1005 2561 1656 2623 thgQwQfflegdiffiwtyiQ—Rl.
1688 2563 1752 2604 M.
1784 2562 1962 2604 Porcius
2030 2559 2139 2610 ato.)
2203 2559 2318 2602 Gati-

591 2623 645 2660 38
781 2619 890 2672 lina,
932 2633 1030 2662 cum
1068 2620 1153 2663 iter
1190 2621 1236 2663 in
1270 2620 1454 2664 Galliam
1496 2618 1574 2678 per
1607 2621 1658 2688 Q.
1687 2620 1908 2664 Metel-lum
1940 2619 2137 2720 Celerfim
2172 2631 2317 2674 propr.

565 2679 681 2719 Caes.
781 2678 976 2721 clausum
1007 2679 1490 2736 invenissetffissafflo
1512 2681 2074 2733 ..Bissmu9n3L93Q129-1Q
2096 2711 2107 2722 .
2209 2678 2318 2720 tonii

778 2749 950 2791 procos.
995 2740 1204 2791 occurrit,
1243 2739 1472 2794 victusque
1508 2753 1536 2781 a
1566 2740 1622 2782 M.
1653 2738 1827 2793 Petreio
1847 2738 2031 2794 legato,
2071 2749 2170 2779 cum
2200 2736 2318 2780 3000

779 2795 954 2838 circiter
984 2797 1099 2840 hom.
1131 2797 1339 2840 caeditur.
1392 2798 1543 2841 Etiam⁴
1567 2799 1614 2841 in
1645 2798 1803 2841 ceteris
1824 2797 1976 2840 Italiae
1996 2796 2194 2851 partibus
2217 2808 2317 2838 con-

781 2853 1009 2897 iurationis
1051 2856 1162 2899 socii
1207 2857 1519 2912 opprimuntur.
1597 2858 1762 2900 Romae
1800 2856 1854 2898 de
1892 2857 1937 2899 vi
1974 2859 2236 2897 accusantur
2275 2857 2319 2897 et

780 2912 1037 2955 damnantur
1059 2913 1301 2957 Catilinarii
1331 2915 1380 2957 P.
1401 2915 1654 2968 Autronius,
1686 2915 2056 2971 L.Vargunteius‚
2088 2913 2143 2955 M.
2158 2913 2316 2966 Laeca,

780 2970 830 3014 P.
863 2970 1108 3025 CorneIiUS‚
1142 2973 1236 3016 Ser.
1261 2973 1396 3026 Sulla,
1429 2975 1508 3017 sed
1535 2975 1664 3016 huius
1693 2974 1827 3016 frater
1846 2973 1895 3016 P.
1918 2973 2042 3015 Sulla
2072 2986 2097 3014 a
2119 2971 2212 3015 Cic.
2245 2972 2317 3014 de·

779 3029 929 3073 feusus
963 3032 1172 3083 oratione,
1204 3044 1313 3086 quae
1344 3035 1477 3085 extat,
1508 3033 1761 3076 absolvitur.

838 3089 909 3131 Ex
941 3102 1030 3132 cos.
1063 3089 1114 3133 L.
1145 3091 1324 3132 Murena
1351 3090 1521 3133 Italiam
1549 3092 1703 3144 habet,
1745 3091 1796 3133 D.
1831 3090 2006 3133 Silanus
2036 3089 2161 3145 Hisp.
2194 3090 2314 3132 citer.

781 3147 1034 3203 Bithyniam
1064 3150 1180 3206 regit
1210 3148 1257 3192 C.
1279 3149 1491 3205 Papirius
1524 3149 1679 3203 Carbo,
1712 3150 1787 3206 qui
1817 3150 1981 3205 primus
2020 3148 2103 3191 fuit
2132 3161 2314 3204 procon-

782 3207 924 3249 sulum
954 3207 1083 3250 huius
1114 3221 1250 3264 prov„
1285 3207 1471 3251 Galliam
1500 3209 1633 3252 Narb.
1667 3209 1715 3253 C.
1737 3209 2006 3264 Pomptinus.
2062 3207 2315 3263 Triumphat

783 3277 932 3308 mense
962 3266 1075 3308 Maio
1107 3267 1156 3318 Q.
1189 3267 1389 3310 Metellus
1423 3268 1620 3311 Creticus
1652 3282 1708 3311 ex
1738 3268 1869 3311 Creta
1897 3267 2053 3310 insula.

681 3365 684 3368 ,
759 3334 774 3366 f
843 3324 961 3366 Trib.
993 3325 1051 3379 pl.
1083 3325 1132 3368 L.
1157 3325 1416 3381 Calpurnius
1447 3327 1600 3370 Bestia
1629 3330 1674 3370 et
1705 3327 1754 3379 Q.
1777 3326 1976 3369 Metellus
1998 3325 2147 3380 Nepos
2179 3323 2315 3366 adiuti

763 3379 808 3434 ssa
843 3383 886 3425 Ο.
925 3383 1100 3426 Caesare
1130 3398 1196 3440 pr.
1231 3385 1451 3428 civitatem
1482 3386 1702 3430 seditiosis
1735 3385 1979 3428 actionibus
2011 3384 2199 3426 turbant.
2263 3383 2312 3425 P.
2379 3390 2392 3410 ’·“

764 3437 962 3486 lClodius
994 3442 1272 3496 adolescens,
1312 3443 1394 3500 Ap.
1427 3444 1598 3489 Claudii
1628 3445 1820 3488 consulis
1852 3457 1890 3486 a.
1922 3443 1979 3486 79
2010 3441 2150 3495 filius,
2190 3455 2327 3497 sacra

766 3494 1080 3560 {mady-eae
1099 3503 1267 3557 polluit-
1765 3547 1767 3552 Α

447 3557 500 3600 61
585 3558 669 3601 693
735 3558 834 3601 008.
873 3560 938 3601 M.
970 3560 1128 3613 Pupius
1157 3561 1258 3603 Piso
1295 3561 1578 3615 Calpurniam,
1627 3562 1690 3603 M.
1726 3562 1915 3603 Valerius
1944 3561 2146 3602 Messalla
2176 3559 2312 3616 Myer

781 3617 1090 3674 (Menoyenes).
1138 3618 1216 3662 Cn.
1249 3620 1497 3675 Pompeius,
1527 3621 1657 3664 rebus
1689 3620 1910 3676 praeclare
1943 3620 2095 3676 gestiS,
2136 3620 2312 3662 tertium
