2392 4016
456 189 511 232 96

455 344 486 368 a.
507 335 590 368 Chr.
664 344 699 368 u.
713 344 744 367 c.

1227 189 1405 230 Annales
1435 189 1607 229 Romani

851 391 1001 423 manas
1036 380 1231 424 oratione
1264 379 1303 424 G
1354 392 1433 423 eca
1463 380 1738 436 scriptitavit,
1772 380 1884 425 Gell.
1921 381 1988 434 ll,
2022 379 2082 433 8.)
2134 381 2185 424 L.
2216 381 2384 425 Lucull.

851 450 956 492 cos„
990 438 1162 482 delectu
1194 451 1351 496 magno
1440 452 1480 480 m
1514 439 1659 482 labore
1690 443 1866 496 peracto
1899 440 1970 491 (P.
2002 440 2151 496 Scipio
2185 440 2386 483 Aemilia-

853 510 934 540 nus
965 498 1063 541 trib.
1095 497 1221 551 mil.,)
1253 499 1298 540 in
1320 479 1444 554 Hisp.
1448 497 1712 553 profectus,
1746 498 1967 542 Vaccaeos
2001 500 2178 555 subigit,
2210 499 2310 542 inde
2340 500 2385 542 in

848 555 1118 599 Lusitaniam
1163 569 1349 614 pergens
1401 558 1493 599 Ser.
1535 556 1699 612 Sulpic.
1741 556 1924 601 Galbam
1961 560 2114 613 praet„
2163 559 2237 613 qui
2277 559 2385 600 male

849 619 1131 671 pugnaverat,
1163 616 1350 658 adiuvat.
1399 607 1601 658 Proximo
1627 628 1727 659 vere
1751 615 1914 659 Galbae
1937 616 2241 659 Lusitanorum
2266 630 2386 660 exer-

847 675 959 717 citus
993 687 1040 717 se
1071 674 1211 728 dedit,
1250 686 1359 730 quos
1389 673 1474 718 fide
1505 674 1666 717 violata
1705 676 1862 731 partim
1903 675 2111 727 trucidat,
2153 677 2308 731 partim
2341 677 2386 718 in

735 760 737 764 f
827 734 1104 792 *servitutem
1134 733 1296 787 vendit,
1327 734 1478 790 paucis
1509 733 1614 790 fuga
1645 734 1844 786 servatis,
1874 734 1987 777 inter
2017 747 2126 790 quos
2159 735 2388 788 Viriathus,

487 1145 572 1190 150
652 1144 738 1188 604

489 1677 571 1719 149
639 1674 738 1718 605

487 3033 570 3076 148
653 3032 738 3076 606

853 804 957 835 suae
991 796 1134 849 gentis
1166 793 1280 836 ultor
1309 792 1495 835 futurus.

915 850 1117 908 Carthag.
1151 852 1246 894 adv.
1267 851 1542 895 Masinissam
1573 850 1630 894 88
1661 863 1699 893 a
1733 853 1879 894 natum
1910 851 2071 895 bellum
2102 855 2291 904 movent,
2323 853 2386 912 in-

851 911 975 953 iussu
1005 913 1196 964 senatus,
1230 911 1317 967 qui,
1351 910 1537 953 Numida
1557 913 1803 964 accusante,
1836 911 1943 954 nihil
1965 911 2064 954 dum
2088 913 2263 968 gravius
2286 924 2386 954 con-

853 969 1009 1022 stituit,
1040 970 1127 1012 nisi
1157 969 1274 1025 quod
1307 970 1363 1013 10
1394 969 1528 1026 legati
1558 969 1799 1012 mittuntur.

911 1027 1005 1069 Hoc
1044 1027 1178 1070 ferme
1219 1040 1331 1070 anno
1375 1027 1423 1071 C.
1454 1027 1629 1070 Laelius
1668 1028 1768 1071 trib.
1807 1028 1866 1084 pl.
1906 1029 2047 1084 legem
2083 1029 2296 1071 Liciniam
2335 1028 2387 1072 de

851 1084 978 1128 modo
1010 1099 1212 1142 agrorum
1241 1086 1412 1128 videtur
1440 1086 1671 1128 restituere
1702 1087 1894 1129 voluisse
1931 1087 2074 1139 (Plut.
2098 1087 2164 1130 Ti.
2190 1088 2263 1131 Gr.
2287 1087 2357 1137 8).

802 1142 902 1186 Cos.
942 1144 988 1186 T.
1027 1145 1240 1193 Quinctius
1270 1146 1538 1196 Flamininus,
1569 1145 1657 1187 M’.
1689 1145 1853 1187 Acilius
1881 1145 2061 1199 Balbus,
2102 1159 2187 1208 quo
2220 1160 2257 1189 a.
2292 1146 2383 1190 Cic.

852 1203 1072 1260 dialogum
1106 1204 1158 1246 de
1191 1207 1414 1247 senectute
1444 1177 1638 1247 habitum
1667 1200 1861 1256 finxit.)
1884 1203 1980 1246 Lex
2011 1178 2187 1248 atiotore
2218 1206 2274 1248 M.
2305 1205 2386 1249 Ca-

851 1265 952 1305 tone
982 1263 1023 1306 h.
1057 1277 1093 1305 a.
1126 1263 1215 1306 lata
1244 1263 1427 1315 videtur,
1458 1278 1508 1304 ne
1539 1264 1631 1316 quis
1664 1264 1727 1305 bis
1755 1278 1835 1305 cos.
1856 1264 2000 1316 fieret,
2033 1268 2205 1307 servata
2226 1264 2285 1308 50
2305 1265 2387 1308 cir-

850 1322 959 1364 citer
1011 1334 1160 1366 annos.
1242 1321 1513 1365 Achaeorum
1553 1321 1654 1364 olim
1698 1322 1912 1374 evocatis,
1951 1334 2133 1378 quorum
2171 1326 2275 1367 tunc
2317 1337 2386 1367 su-

851 1384 1054 1436 pererant
1093 1382 1181 1424 fere
1212 1381 1314 1434 300,
1354 1382 1400 1423 in
1430 1381 1613 1437 patriam
1651 1381 1818 1424 reditus
1852 1381 2117 1424 conceditur.
2188 1383 2252 1425 De
2286 1382 2387 1426 Car-

856 1440 1218 1496 thaginiensibus,
1252 1454 1278 1483 a
1298 1441 1529 1484 Masinissa
1558 1441 1643 1482 iam
1676 1440 1790 1483 bello
1811 1440 1956 1493 victis,
1988 1442 2146 1484 acriter
2166 1442 2211 1484 in
2234 1445 2387 1485 senatu

856 1502 1067 1552 certatur,
1105 1500 1278 1542 tandem
1310 1500 1365 1542 Μ.
1401 1498 1579 1542 Catonis
1619 1499 1836 1542 sententia
1865 1500 2022 1553 vincit,
2064 1503 2111 1542 ut
2139 1500 2300 1543 bellum
2331 1501 2386 1543 iis

851 1558 1068 1601 indicatur
1114 1561 1157 1601 et
1189 1559 1289 1601 novi
1320 1571 1409 1601 cos.
1441 1558 1487 1600 in
1518 1557 1709 1601 Africam
1740 1559 1977 1601 mittantur.
2042 1559 2270 1603 Uticenses
2303 1560 2387 1602 Ro-

853 1618 990 1660 manis
1025 1630 1122 1660 sese
1154 1618 1330 1660 dedunt.
1393 1616 1441 1660 C.
1464 1617 1652 1660 Vetilius
1682 1617 1806 1675 Hisp.
1840 1617 1916 1660 ult.
1948 1618 2075 1674 regit.

801 1674 903 1718 Cos.
937 1677 991 1718 L.
1014 1677 1203 1720 Marcius
1229 1677 1480 1729 Censorinus,
1512 1677 1598 1718 M’.
1622 1672 1827 1718 Manilius
1846 1676 2000 1731 Nepos,
2033 1677 2159 1719 ambo
2190 1676 2385 1732 plebeii.)

855 1734 1287 1793 Carthaginiensibus
1325 1736 1488 1778 Romae
1528 1747 1576 1778 se
1615 1735 1872 1778 dedentibus
1911 1736 2166 1791 imperatur,
2213 1739 2262 1777 ut
2299 1736 2388 1779 300

852 1794 1027 1837 obsides
1059 1794 1175 1847 dent,
1207 1797 1257 1837 et
1282 1807 1371 1837 cos.
1394 1794 1511 1836 dicto
1533 1793 1759 1836 audientes
1781 1795 1882 1837 sint.
1937 1794 2171 1838 Obsidibus
2194 1796 2385 1850 acceptis

850 1852 1048 1908 datisque
1099 1853 1148 1905 Q.
1189 1853 1326 1897 Fabio
1365 1853 1552 1895 Maximo
1602 1853 1791 1908 praetori
1830 1853 2007 1896 Siciliae
2046 1866 2135 1896 cos.
2176 1853 2386 1909 Lilybaeo

851 1911 1022 1954 Uticam
1053 1913 1288 1955 traiiciunt.
1343 1912 1411 1955 Ibi
1442 1914 1489 1955 ut
1520 1924 1652 1954 naves
1685 1912 1841 1968 longae
1873 1925 2075 1968 armaque
2097 1913 2289 1955 cuiusvis
2313 1926 2387 1969 ge-

850 1972 966 2014 neris
999 1972 1084 2014 sibi
1113 1971 1376 2024 tradantur,
1397 1971 1623 2027 imperant.
1695 1970 1789 2023 Quo
1827 1970 1943 2014 facto
1982 1972 2155 2014 tandem
2188 1972 2386 2014 ultimum

851 2031 1100 2074 mandatum
1132 2033 1404 2087 expromunt,
1436 2034 1485 2074 ut
1507 2029 1710 2085 Carthag.
1745 2030 1873 2072 aliam
1904 2031 2055 2073 urbem
2086 2031 2236 2074 decem
2267 2031 2387 2073 milia

851 2102 1060 2144 passuum
1092 2104 1117 2132 a
1146 2091 1255 2132 mari
1286 2089 1496 2142 condant,
1537 2092 1727 2132 veterem
1760 2090 1872 2132 dirui
1907 2090 2138 2145 patiantur.
2201 2089 2294 2141 Qua
2322 2091 2386 2132 in-

848 2149 960 2191 iuria
991 2149 1045 2191 ad
1077 2149 1263 2192 furorem
1297 2149 1439 2191 adacti
1458 2149 1595 2191 Poeni
1614 2149 1776 2191 bellum
1797 2151 1979 2191 censent
1999 2149 2248 2205 gerendum.
2298 2149 2381 2191 Ro-

850 2208 967 2249 mani
1010 2208 1158 2250 urbem
1199 2208 1338 2250 adorti
1379 2207 1658 2263 repelluntur.
1690 2214 1695 2216 ’
1729 2206 1830 2250 Cos,
1862 2207 2062 2250 Manilius
2094 2208 2262 2251 levibus
2295 2221 2386 2251 oer-

845 2267 1080 2310 taminibus
1112 2267 1164 2309 ab
1196 2266 1465 2309 Hasdrubale
1498 2268 1620 2308 extra
1652 2266 1798 2309 urbem
1833 2269 2010 2322 urgetur
2041 2280 2181 2322 neque
2215 2267 2380 2310 exerci-

847 2327 939 2367 tum
961 2325 1046 2368 nisi
1067 2326 1116 2368 P.
1141 2326 1374 2381 Scipionis,
1396 2325 1494 2368 trib.
1517 2325 1620 2377 milz,
1651 2325 1810 2367 virtute
1833 2338 1883 2367 ac
1904 2325 2177 2380 providentia
2199 2329 2354 2369 servat.

908 2384 959 2426 In
979 2384 1103 2440 Hisp.
1137 2385 1341 2427 ulteriore
1372 2385 1584 2426 Viriathus
1603 2384 1830 2426 Lusitanus
1858 2384 2019 2427 bellum
2051 2386 2226 2438 excitat,
2259 2388 2302 2427 et
2336 2384 2383 2427 C.

850 2443 1055 2488 Vetilium
1086 2447 1223 2499 praet.
1257 2456 1355 2486 cum
1394 2443 1588 2486 exercitu
1627 2442 1782 2485 caedit.
1852 2442 2115 2496 Andriscus,
2156 2444 2383 2487 simulatus

852 2502 1004 2545 Persei
1024 2502 1154 2556 filius,
1176 2515 1355 2559 regnum
1372 2502 1648 2545 Macedoniae
1671 2504 1856 2557 occupat
1877 2504 1922 2544 et
1937 2502 1984 2544 P.
2003 2502 2199 2546 Iuventio
2219 2503 2386 2546 Thalna

848 2563 982 2616 praet
1015 2562 1132 2604 victo
1164 2564 1293 2617 atque
1325 2561 1471 2604 occiso
1505 2560 1775 2604 Thessaliam
1807 2563 1962 2603 vastat.

907 2620 1020 2664 Ludi
1051 2621 1297 2664 saeculares
1330 2621 1492 2663 Romae
1523 2620 1807 2663 celebrantur.
1856 2620 1911 2662 M.
1945 2619 2052 2663 Cato
2085 2620 2278 2673 moritur,
2310 2619 2381 2662 90.

850 2681 1006 2722 aetatis
1039 2692 1165 2732 anno,
1197 2683 1262 2723 ιιι
1274 2679 1370 2723 Liv.
1402 2679 1592 2732 tradidit,
1627 2678 1697 2722 85.
1729 2681 1778 2721 ut
1810 2677 1976 2722 Cicero.

905 2738 955 2780 L.
979 2738 1240 2794 Calpurnius
1262 2739 1379 2792 Piso,
1411 2738 1511 2781 trib.
1540 2738 1615 2794 pl„
1654 2738 1870 2792 sociorum
1902 2750 2034 2781 causa
2064 2737 2205 2793 legem
2237 2739 2286 2779 de
2312 2752 2382 2791 pe-

851 2799 980 2839 cuniis
1009 2800 1240 2852 repetundis
1270 2797 1375 2850 fert,
1417 2797 1510 2840 LiV.
1542 2810 1608 2853 ep.
1640 2797 1735 2840 libr.
1767 2796 1846 2850 493
1886 2797 1986 2839 inde
2016 2797 2154 2852 prima
2182 2796 2378 2852 quaestio

848 2858 1058 2911 perpetua
1087 2857 1300 2900 instituta.
1365 2857 1414 2899 L.
1449 2856 1703 2900 Scribonius
1736 2856 1846 2899 Libo
1877 2856 1976 2899 trib.
2009 2858 2184 2898 auctore
2215 2855 2270 2896 M.
2303 2853 2382 2897 Ca-

847 2917 948 2957 tone
981 2916 1250 2971 rogationem
1282 2915 1365 2958 fert
1397 2915 1450 2958 de
1481 2915 1704 2958 Lusitanis
1736 2915 1782 2957 in
1813 2915 2056 2957 libertatem
2086 2913 2381 2966 restituendis,

851 2974 930 3016 sed
962 2973 1100 3017 Galba
1133 2974 1323 3017 lacrimis
1356 2987 1406 3017 ac
1437 2974 1584 3030 pueris
1618 2987 1665 3016 se
1698 2973 1904 3016 defendit.
1967 2973 2078 3026 (Cic.
2110 2973 2231 3015 Brut.
2256 2971 2343 3022 23.)

803 3032 902 3075 OOS.
934 3033 1010 3087 Sp.
1044 3034 1274 3075 Postumius
1304 3033 1480 3074 Albinus
1518 3033 1689 3087 Mayn„
1737 3033 1793 3074 L.
1829 3033 2074 3086 Calpurnius
2107 3032 2203 3073 Piso
2239 3032 2383 3073 Caeso-

849 3094 965 3134 ninus
969 3092 1004 3143 .)
1066 3092 1115 3135 L.
1138 3093 1241 3135 Piso
1273 3104 1362 3135 cos.
1396 3091 1570 3134 auxiliis
1592 3090 1875 3134 Numidarum
1907 3091 2079 3133 adiutus
2111 3090 2243 3146 (apud
2273 3101 2382 3145 quos

847 3151 1079 3194 Masinissa
1110 3151 1331 3207 superiore
1363 3164 1400 3193 a.
1433 3152 1603 3192 mortuo
1634 3152 1724 3192 tres
1756 3150 1910 3205 reguli,
1949 3150 2145 3204 Micipsa,
2180 3148 2382 3200 Gulussa,

849 3209 1130 3263 Manastabal,
1170 3210 1288 3253 illius
1318 3207 1424 3260 filii)
1464 3211 1674 3252 aestatem
1705 3208 1866 3251 frustra
1894 3209 1941 3251 in
1973 3207 2274 3264 oppugnandis
2305 3207 2382 3249 mi-

848 3269 1026 3311 noribus
1057 3269 1252 3322 urbibus,
1287 3268 1464 3324 Clupea,
1495 3268 1697 3324 Hippone
1729 3268 1875 3310 Zareti
1905 3268 2134 3310 consumit.
2185 3266 2236 3308 L.
2265 3266 2381 3308 Man-

851 3327 974 3370 cinus
1005 3341 1068 3383 pr.
1103 3327 1279 3372 Siciliae
1312 3330 1356 3370 et
1387 3327 1519 3370 classi
1549 3329 1736 3383 praeest.
1787 3326 1970 3382 Bithyas
1993 3325 2181 3368 Numida
2203 3324 2257 3367 ad
2279 3323 2380 3367 Gar-

846 3386 963 3442 thag.
994 3387 1242 3443 transfugit,
1280 3387 1422 3442 iisque
1453 3385 1624 3428 fidelem
1657 3398 1829 3442 operam
1860 3387 2065 3441 praestat.
2135 3382 2258 3426 Alter
2290 3394 2379 3425 cos.

848 3445 1112 3497 Postumius,
1145 3446 1246 3488 dum
1278 3445 1464 3488 Galliam
1495 3448 1539 3488 et
1559 3444 1730 3487 Italiam
1761 3444 1941 3517 obtinet,
1971 3444 2085 3486 viam
2115 3441 2380 3484 Postumiam

849 3504 901 3546 ab
937 3502 1090 3547 Genua
1110 3504 1323 3546 Veronam
1354 3504 1504 3546 munit.

907 3563 995 3608 Sed
1024 3563 1283 3605 Andriscum
1314 3564 1358 3605 in
1388 3562 1642 3605 Macedonia
1661 3561 1710 3613 Q.
1734 3561 1950 3604 Caecilius
1980 3559 2178 3602 Metellus
2210 3561 2381 3615 praetor
