2392 4016
353 162 411 210 94

353 319 384 342 a.
401 310 483 342 Chr.
560 319 582 341 u
589 333 596 341 .
616 319 646 342 c.

384 355 468 399 166
538 355 635 423 ,566

382 1238 464 1282 167
545 1237 631 1282 567

382 2003 464 2046 166
546 2003 632 2047 566

381 2178 464 2223 165
545 2178 630 2223 569

381 2533 465 2578 164
547 2532 635 2576 590

377 2768 460 2813 163
541 2769 624 2813 591

316 3188 324 3193 ἡ
381 3120 464 3167 166
547 3119 632 3164 592

380 3471 461 3518 161
545 3471 631 3516 593

1123 164 1300 207 Annales
1330 165 1500 210 Romani

698 354 800 398 Cos.
844 355 899 400 L.
939 356 1139 401 Aemilius
1177 358 1352 401 Paullus
1389 359 1462 412 II,
1514 360 1558 403 C.
1597 361 1786 404 Licinius
1821 362 2032 414 Crassus.)
2102 361 2278 406 Paullus

749 427 847 458 cum
881 416 1181 471 supplemento
1221 418 1275 460 ad
1315 418 1556 462 exercitum
1593 420 1812 475 profectus
1852 424 2018 477 partem
2060 422 2278 476 copiarum

745 486 824 530 per
847 472 1110 526 Cambunios
1142 479 1311 520 montes
1342 477 1388 519 in
1408 477 1686 523 Macedoniae
1717 480 1847 536 plana
1876 480 2076 531 demittit,
2109 492 2193 535 quo
2215 479 2279 531 fit,

749 534 798 575 ut
825 531 1034 586 Perseus,
1079 535 1358 578 munimentis
1398 535 1454 578 ad
1482 535 1696 593 Enipeum
1733 537 1836 582 fluv.
1867 539 2046 591 relictis,
2085 538 2279 593 Pydnam

746 591 934 635 recedat.
1004 592 1208 648 Sequitur
1248 607 1337 637 cos.
1378 598 1423 638 61
1453 596 1546 639 acie
1585 609 1683 640 cum
1720 597 2028 640 Macedonibus
2070 596 2278 652 confligit,

747 649 856 706 prid.
891 650 1000 693 Non.
1035 651 1154 707 Sept.
1194 651 1358 705 (Nocte
1391 653 1665 698 antecedenti
1704 655 1887 700 defectio
1928 657 2055 698 lunae
2086 655 2225 698 fuerat
2255 669 2280 697 a

746 708 794 752 C.
828 709 1038 765 Sulpicio,
1070 710 1124 754 cf.
1157 725 1255 754 ann.
1294 711 1390 764 166,
1423 715 1527 756 tunc
1559 714 1658 756 trib.
1690 715 1779 758 mil.
1810 715 2064 771 praedicta).
2127 713 2278 757 Caesis

743 770 818 810 aut
855 767 1065 824 dispersis
1104 769 1321 825 peditibus
1367 784 1447 814 rex
1485 784 1584 815 cum
1622 774 1739 816 omni
1777 774 1971 830 equitatu
2014 773 2187 828 effugit,
2237 776 2280 815 et

747 826 983 882 desperans
1006 827 1058 870 de
1082 828 1221 872 salute
1245 842 1342 872 cum
1358 831 1510 886 paucis
1526 830 1833 888 Amphipolim,
1854 833 1953 876 inde
1971 832 2280 876 Samothracen

745 886 869 941 petit.
920 885 987 929 Ibi
1018 886 1226 943 deceptus
1257 902 1283 930 a
1315 887 1528 943 Cretensi,
1560 891 1634 946 qui
1665 904 1764 934 eum
1794 891 1846 934 ad
1881 891 2037 947 Cotym
2070 890 2279 933 Thraciae
2365 894 2370 898 '

744 945 942 999 regulum
973 947 1336 989 transvehendum
1367 952 1616 1005 receperat,
1657 948 1735 992 011.
1769 949 1947 993 Octavio
1983 949 2117 1006 praef.
2151 949 2279 992 class.

746 1014 846 1044 sese
878 1002 998 1045 dedit
1027 1006 1072 1046 et
1103 1003 1157 1046 ad
1188 1017 1277 1048 cos.
1308 1006 1507 1050 mittitur.
1569 1008 1818 1051 ,Macedonia
1847 1009 1962 1051 intra
1991 1020 2153 1064 paucos
2186 1008 2279 1050 dies

745 1062 787 1103 in
814 1070 958 1114 potest.
1021 1062 1292 1104 Romanorum
1323 1066 1442 1106 venit.
1493 1065 1544 1108 L.
1566 1065 1746 1109 Anicius
1778 1070 1951 1122 praetor
1981 1068 2161 1123 triginta
2192 1066 2280 1109 die·

746 1119 827 1162 bus
860 1119 1020 1161 bellum
1051 1119 1275 1175 Illyricum
1307 1121 1503 1175 conficit,
1543 1123 1710 1167 Scodra
1746 1129 1874 1180 capta
1911 1129 1955 1168 et
1987 1125 2144 1169 Gentio
2175 1138 2279 1181 rege

747 1178 908 1221 dedito.
969 1178 1091 1221 Idem
1122 1179 1339 1235 Epirotas,
1370 1181 1444 1236 qui
1475 1181 1737 1235 defecerant,
1767 1184 1814 1226 in
1843 1186 2001 1239 potest.
2033 1184 2205 1239 redigit.

695 1235 795 1285 Cos.
833 1237 882 1285 Q.
913 1237 1059 1279 Aelius
1091 1239 1255 1292 Paetus,
1296 1240 1360 1282 M.
1393 1241 1537 1283 Iunius
1568 1242 1730 1285 Pennus
1759 1242 1900 1294 (ambo
1932 1244 1980 1284 de
2007 1242 2162 1296 plebe).
2214 1242 2281 1284 Ex

747 1296 965 1340 sententia
984 1296 1031 1339 X
1052 1297 1294 1354 legatorum
1323 1298 1578 1342 Macedonia
1605 1301 1651 1343 in
1683 1303 1885 1356 quattuor
1904 1301 2105 1357 regiones
2127 1301 2280 1353 divisa,

745 1356 1859 1470 61316ἑὲ11611ξῖῗὲἒὲῑὶὲἓὲὲὶῖἑωκὲἕῖΐ
1878 1359 2281 1462 ·²3{i‚uie¹}*1'{‘¹¹it2¹1}{

744 1473 884 1528 Illyrii
913 1473 1151 1516 liberantur
1181 1477 1224 1516 et
1254 1475 1442 1531 vectigal
1473 1431 1907 1532 pende’reqiubentigilr.
1955 1477 2136 1520 Rhodiis
2167 1477 2282 1519 haud

724 1531 926 1575 ‘multum
965 1533 1109 1585 abest,
1154 1533 1258 1588 quin
1298 1534 1459 1576 bellum
1488 1535 1718 1579 indicatur.
1785 1536 2082 1592 Epirotarum,
2122 1537 2197 1591 qui
2227 1535 2281 1578 ad

744 1590 953 1633 Perseum
992 1591 1288 1644 defecissent,
1320 1593 1479 1649 oppida
1516 1594 1571 1637 ad
1601 1594 1662 1638 70
1699 1595 1752 1639 ab
1795 1596 1991 1638 exercitu
2031 1608 2087 1638 ex
2115 1594 2279 1637 Maced.

743 1649 952 1692 redeunte
992 1663 1078 1693 uno
1119 1650 1188 1693 die
1221 1651 1494 1707 diripiuntur.
1564 1653 1716 1709 Neque
1748 1655 1899 1697 tamen
1929 1654 2089 1697 milites
2121 1654 2282 1710 praeda

745 1708 986 1763 explentur.
1036 1709 1180 1751 Paulli
1211 1712 1458 1765 triumphus,
1476 1711 1563 1767 ipsi
1591 1712 1814 1765 funestus,
1840 1715 1971 1766 finem
2002 1715 2125 1768 affert
2157 1714 2305 1754 tribu--

747 1776 886 1809 torum.
969 1766 1045 1809 Cn.
1089 1767 1295 1811 Octavius
1335 1769 1388 1812 de
1427 1771 1642 1814 manubiis
1680 1772 1894 1826 porticum
1933 1772 2157 1815 Octaviam
2197 1771 2278 1814 fac.

747 1828 884 1869 curat.
955 1825 1242 1881 Triumphant
1279 1827 1330 1871 L.
1362 1828 1542 1872 Paullus
1581 1843 1659 1885 per
1697 1830 1908 1882 triduum,
1949 1830 2026 1873 Cn.
2060 1830 2280 1883 Octavius,

745 1885 795 1928 L.
825 1884 1022 1928 Anicius.
1088 1884 1188 1928 Cos.
1220 1885 1267 1928 in
1294 1885 1530 1942 Liguribus
1562 1888 1671 1931 nihil
1701 1889 1978 1932 memorabile
2010 1892 2181 1945 gerunt.

801 1944 854 1986 In
885 1945 923 1985 Ιι.
956 1960 996 1986 a.
1028 1944 1146 1986 Livii
1174 1944 1358 1989 Annales
1386 1948 1501 1988 nobis
1531 1948 1727 1990 desinunt.
1772 1978 1774 1980 -

697 2000 797 2046 Cos.
828 2003 892 2044 M.
921 2002 1120 2059 Claudius
1140 2003 1378 2057 Marcellus,
1412 2005 1462 2048 C.
1487 2005 1694 2062 Sulpicius
1719 2005 1908 2057 Gallus.)
1949 2006 2050 2050 Cos.
2072 2007 2117 2049 in
2141 2006 2279 2050 Gallis

741 2060 914 2117 Alpinis
947 2064 990 2104 61
1020 2062 1254 2117 Liguribus
1285 2063 1400 2106 bello
1431 2067 1556 2120 gesto
1589 2066 1870 2121 triumphant.

803 2119 968 2162 Andria
1003 2120 1183 2164 Terentii
1211 2121 1357 2164 fabula
1387 2122 1529 2166 editur
1557 2124 1673 2166 ludis
1706 2124 2040 2180 Megalensibus.

695 2178 794 2222 Cos.
833 2179 879 2221 T.
913 2179 1102 2222 Manlius
1137 2180 1389 2233 Torquatus,
1442 2182 1514 2223 Cn.
1553 2182 1786 2234 Octavius.)
1855 2182 2126 2225 Achaeorum
2163 2182 2280 2238 prin·

746 2238 866 2293 cipes
898 2237 1031 2280 ferme
1062 2238 1196 2291 mille,
1236 2242 1284 2282 111
1315 2253 1340 2280 a
1365 2240 1623 2298 ,criminibus
1654 2242 1788 2284 initae
1819 2254 1919 2286 cum
1948 2242 2109 2284 Perseo
2141 2241 2280 2284 socie-

743 2297 860 2349 tatis,
893 2297 1199 2340 accusantibus
1233 2297 1464 2341 Callicrate
1497 2302 1541 2342 et
1569 2299 1834 2352 Andronida,
1874 2313 1922 2342 se
1952 2302 2152 2355 purgent,
2194 2300 2279 2342 Ro-

746 2369 863 2398 mam
895 2358 1151 2408 evocantur,
1192 2358 1236 2398 et
1265 2357 1429 2399 indicta
1467 2371 1600 2401 causa
1630 2359 1794 2401 circum
1824 2359 2135 2413 municipiaet
2165 2358 2278 2401 colo-

747 2414 841 2457 nias
874 2414 1150 2460 custodiendi
1179 2415 1466 2469 dimittuntur,
1498 2430 1638 2472 neque
1669 2418 1714 2460 111
1745 2418 1943 2473 patriam,
1975 2418 2061 2460 nisi
2091 2419 2192 2472 post
2225 2417 2278 2459 16

747 2485 882 2516 annos
914 2473 1108 2516 redeunt.
1146 2471 1419 2529 (Polybius.)

697 2530 796 2576 Cos.
831 2532 885 2574 A.
917 2532 1106 2576 Manlius
1141 2533 1393 2586 Torquatus,
1449 2533 1498 2582 Q.
1536 2533 1702 2576 Cassius
1731 2535 1946 2590 Lonqinus
1965 2533 2023 2586 †)
2093 2534 2278 2576 Perseus

744 2590 882 2633 Albae
913 2591 1107 2634 moritur.
1179 2591 1308 2635 Gens.
1339 2591 1389 2639 L.
1421 2591 1632 2635 Aemilius
1663 2593 1856 2646 Paullus,
1898 2593 1946 2644 Q.
1969 2593 2154 2635 Marcius
2180 2593 2279 2635 Phi-

744 2650 888 2705 lippus
921 2649 1071 2700 (l-ustr.
1105 2649 1203 2703 53),
1245 2664 1379 2694 censa
1403 2664 1439 2694 c.
1473 2665 1511 2694 c.
1543 2651 1740 2707 337022,
1777 2653 1981 2708 princeps
2014 2654 2191 2694 senatus
2221 2651 2278 2694 M.

744 2708 956 2752 Aemilius
989 2709 1180 2765 Lepidus
1213 2709 1286 2752 IV.

693 2766 793 2810 Cos.
830 2768 894 2810 Ti.
916 2767 1178 2822 Sempronius
1205 2768 1415 2812 Gracchus
1445 2770 1509 2822 II,
1542 2770 1597 2811 M
1603 2772 1626 2811 '.
1649 2771 1857 2813 Iuventius
1883 2770 2048 2811 Thalna
2070 2767 2118 2820 †,
2151 2768 2276 2810 ambo

746 2826 798 2869 de
838 2827 985 2882 plebe3
1025 2827 1098 2870 ille
1133 2826 1319 2871 Galliam
1349 2828 1487 2884 regit,
1523 2825 1593 2871 Μ’.
1625 2829 1849 2872 Iuventius
1891 2827 2050 2871 Corsos
2092 2826 2276 2869 rebelles

744 2885 902 2928 domat.

800 2944 1075 2987 Ptolemaeus
1107 2943 1372 2987 Philometor
1410 2958 1436 2991 a
1465 2944 1596 2988 fratre
1626 2945 1857 3000 Physcone
1897 2945 2062 2987 eiectus
2095 2944 2275 2986 Romam

743 3003 862 3045 venit
900 3002 1104 3059 supplex:
1152 3002 1287 3058 legati
1330 3004 1559 3048 mittuntur
1605 3003 1660 3046 ad
1694 3017 1878 3060 regnum
1917 3002 2274 3057 componendum,

744 3061 798 3104 cf.
831 3075 883 3104 su
914 3076 962 3104 ra
1025 3094 1034 3103 .
1055 3061 1127 3104 46.

695 3119 794 3163 Cos.
825 3075 1122 3164 RpCorlielius
1151 3120 1294 3175 Scipio
1324 3119 1500 3173 Nasica,
1540 3120 1584 3162 C'.
1605 3120 1794 3167 Marcius
1813 3120 2001 3174 Fiyulus,
2032 3119 2139 3161 vitio
2171 3118 2276 3161 facti

742 3178 996 3222 abdicarunt
1027 3178 1102 3231 (cf.
1137 3178 1227 3223 Cic.
1259 3178 1312 3222 de
1343 3178 1430 3222 div.
1463 3178 1505 3231 2,
1538 3177 1626 3232 35),
1658 3179 1833 3223 suffecti
1859 3179 1910 3221 P.
1939 3179 2147 3220 Cornelius
2166 3178 2274 3219 Len-

743 3239 870 3290 tulus,
921 3239 990 3280 Cn.
1021 3235 1228 3281 Domitius
1256 3237 1590 3289 Ahenobarbus.)
1661 3237 1740 3282 Gn.
1780 3238 1988 3287 Octavius
2034 3236 2274 3279 consularis

740 3297 787 3339 in
809 3296 981 3352 Syriam
1011 3298 1171 3340 missus
1204 3310 1302 3341 cum
1333 3309 1464 3341 naves
1497 3297 1665 3353 longas,
1697 3310 1806 3352 quae
1839 3299 1989 3339 contra
2018 3295 2170 3338 foedus
2201 3308 2275 3350 pa-

696 3367 699 3369 ’
739 3358 859 3399 ratae
890 3358 1051 3408 essent,
1091 3355 1403 3400 comburendas
1443 3358 1658 3408 curasset,
1701 3369 1726 3398 a
1756 3355 1880 3412 plebe
1912 3355 2079 3397 furente
2111 3353 2272 3396 interfi-

742 3415 875 3458 citur:
909 3415 1071 3457 Romae
1105 3417 1250 3459 statua
1282 3415 1323 3458 61
1348 3415 1398 3458 ,in
1429 3415 1521 3458 foro
1554 3415 1804 3458 collocatur.
1852 3413 1964 3466 (016.
1987 3413 2096 3455 Ρ1111.
2121 3413 2160 3465 9,
2184 3410 2244 3464 2.)

682 3471 794 3516 ¹Cos.
825 3473 889 3516 M
911 3474 1097 3518 Valerius
1128 3474 1342 3527 Messalla,
1382 3474 1426 3517 C.
1449 3475 1632 3516 Fannius
1661 3471 1858 3524 Strabo.)
1905 3472 1997 3515 Lex
2027 3473 2191 3513 Fannia
2222 3470 2274 3513 de
