2392 4016
286 205 370 249 134

316 982 369 1024 19

316 1807 370 1850 18

316 2335 369 2378 17

318 2805 371 2847 16

322 3332 375 3377 15

435 360 468 381 u.
484 358 513 381 c.
558 349 647 389 imp.

429 394 515 439 734
578 395 628 438 11

591 516 641 551 tr.

1056 199 1235 240 Annales
1265 200 1436 239 Romani

695 392 796 436 Cos.
827 392 892 435 M
922 392 1172 447 Appuleius,
1212 391 1262 433 P.
1295 390 1430 433 Silius
1459 389 1640 442 Nerva.)
1715 391 1845 435 Samo
1877 389 2102 447 Augustus
2134 405 2211 447 per

733 451 884 494 Asiam
932 451 978 494 in
1017 451 1189 506 Syriam
1227 449 1539 506 proficiscitur:
1587 450 1796 493 Phraates
1839 463 1917 492 rex
1956 450 2210 493 Parthorum

733 512 851 553 metu
890 510 1154 553 imminentis
1195 509 1298 552 belli
1338 509 1533 565 captivos
1573 510 1618 552 et
1655 510 1800 566 signa,
1842 509 1944 552 olim
1978 508 2136 552 Crasso
2169 512 2213 552 et

580 575 668 621 pot.
742 569 797 612 M.
821 569 1008 612 Antonio
1040 568 1253 624 adempta,
1283 568 1477 611 remittit.
1529 567 1627 610 Indi
1656 569 1887 611 amicitiam
1910 568 2032 610 Rom.
2064 568 2211 611 missis

598 631 625 669 4

432 980 518 1025 735
583 980 636 1023 12

562 1161 648 1206 pot.

431 1805 517 1850 736
584 1805 638 1849 13

563 1987 650 2032 pot.

433 2335 519 2379 737
584 2334 640 2378 14

565 2516 650 2562 pot.

433 2804 521 2848 738
584 2804 639 2848 15

568 2985 652 3031 pot.

436 3333 522 3378 739
586 3333 640 3376 16

589 3454 639 3489 tr.

573 3515 658 3559 pot.

603 3571 626 3606 9

737 628 893 683 legatis
933 630 1154 683 expetunt.
1222 627 1424 682 Tiqranes
1460 627 1506 670 in
1544 639 1726 683 regnum
1757 627 1985 670 Armeniae
2024 639 2102 681 per
2139 627 2211 670 Ti·

735 688 903 730 berium
949 686 1189 738 Neronem,
1236 685 1429 742 Augusti
1472 685 1740 742 privignum,
1786 687 2028 729 instituitur
2076 685 2211 743 (Aug.

737 747 841 801 imp.
877 745 970 796 lx).
1018 746 1130 800 Aug.
1164 745 1341 788 Samum
1372 746 1418 787 in
1449 745 1629 787 hiberna
1656 744 1771 787 redit
1791 758 1970 800 eamque
1992 745 2214 787 civitatem

737 805 905 847 liberat.
953 804 1159 847 Nascitur
1191 803 1240 847 0.
1265 803 1438 856 Caesar,
1471 803 1689 860 Agrippae
1721 816 1774 846 ex
1797 803 1907 846 Iulia
1936 803 2065 846 filius.
2113 803 2213 860 Ipse

734 863 930 920 Agrippa
963 862 1116 906 Galliis
1147 864 1314 919 pacatis
1346 863 1390 905 in
1422 862 1547 919 Hisp.
1579 862 1798 918 profectus
1834 862 2078 916 Cantabros·
2107 876 2132 904 a
2164 861 2212 906 0.

737 922 899 965 Furnio
932 935 1084 965 caesos
1118 922 1265 964 domat
1295 934 1345 964 ac
1377 921 1429 964 de
1462 922 1681 965 montibus
1713 921 1900 964 deducit.

700 980 800 1024 Cos.
839 981 882 1023 C.
914 981 1081 1022 Sentius
1111 981 1230 1023 solus
1262 981 1410 1023 urbem
1442 982 1587 1023 tuetur
1618 994 1669 1024 ac
1699 980 1755 1023 M.
1777 980 1955 1037 Egnatii
1984 979 2082 1022 Rufi
2114 992 2214 1023 con-

735 1039 994 1081 iurationem
1025 1039 1248 1094 opprimit3
1283 1038 1374 1081 Gal.
1407 1039 1488 1081 Iul.
1520 1042 1722 1082 creantur
1756 1038 2045 1088 QjLucreeius
2075 1042 2119 1082 et
2149 1039 2212 1081 M.

619 1126 628 1135 .
708 1099 712 1103 '
746 1097 968 1147 Vinicius).
1031 1097 1226 1152 Agrippa
1256 1110 1357 1140 vere
1388 1097 1571 1140 Romam
1601 1110 1802 1141 reversus
1833 1099 2096 1154 triumphum
2129 1110 2214 1141 non

743 1157 903 1211 accipit
933 1169 1172 1211 aquamque
1195 1155 1420 1210 Virginem
1450 1156 1496 1199 in
1526 1157 1675 1198 urbem
1708 1156 1841 1199 ducit.
1888 1157 2144 1213 Triumphat
2164 1157 2213 1200 L.

742 1214 971 1263 Cornelius
1011 1215 1174 1257 Balbus
1216 1214 1242 1256 6
1277 1213 1368 1257 031.
1406 1214 1511 1271 Apr.
1553 1227 1608 1258 ex
1638 1214 1807 1267 Africa,
1844 1216 2010 1271 primus
2053 1228 2215 1269 eorum,

737 1274 811 1330 qui
843 1277 967 1316 extra
996 1273 1166 1316 Italiam
1198 1274 1290 1316 nati
1331 1277 1446 1316 sunt.
1493 1273 1694 1330 Augusto
1727 1283 1775 1316 lv
1799 1274 1861 1316 Id.
1885 1274 1978 1317 Oct.
2011 1273 2113 1330 (quo
2146 1275 2215 1318 die

741 1335 973 1390 propterea
1001 1333 1263 1389 Augustalis.
1295 1336 1483 1387 aguntur
1513 1338 1557 1376 et
1588 1346 1662 1375 ara
1692 1333 1910 1376 Fortunae
1933 1333 2100 1376 Reduci
2130 1338 2216 1377 sta·

711 1392 894 1442 tuitur)
946 1393 1126 1435 Romam
1173 1404 1348 1434 reverso
1400 1393 1501 1435 novi
1558 1392 1745 1435 honores
1794 1392 2105 1445 decernuntur,
2152 1394 2216 1436 uti

731 1461 932 1506 perpetua
957 1460 1160 1505 potestate
1192 1452 1399 1493 consulari
1429 1454 1560 1504 esset,
1593 1451 1702 1494 sella
1733 1452 1874 1495 curuli
1903 1451 2071 1495 medius
2104 1453 2217 1496 inter

738 1523 828 1553 cos.
863 1510 1048 1562 sederet,
1084 1510 1138 1553 12
1160 1509 1352 1553 fascibus
1384 1514 1592 1563 uteretur,
1623 1510 1941 1566 praefecturam
1970 1523 2138 1554 morum
2169 1512 2215 1555 in

738 1570 1079 1624 quinquennium
1111 1571 1292 1625 gereret.

794 1628 889 1670 Hoc
921 1641 959 1670 a.
994 1637 1024 1668 x
1059 1627 1150 1671 031.
1173 1627 1267 1670 Oct.
1298 1628 1348 1670 P.
1362 1628 1567 1682 Veryilius
1585 1628 1712 1670 Maro
1741 1629 1872 1683 poeta
1899 1630 2081 1671 mortem
2111 1629 2218 1672 obiit

737 1686 961 1741 Brundisii
991 1689 1090 1729 ante
1122 1687 1342 1742 expletum
1363 1686 1434 1730 51.
1467 1687 1623 1730 aetatis
1655 1700 1829 1740 anuum,
1861 1700 2002 1743 neque
2032 1688 2216 1731 multum

738 1746 781 1788 ei
812 1746 1052 1800 supervivit
1085 1746 1285 1788 Tibullus.

701 1804 802 1848 Cos.
834 1805 885 1846 P.
915 1805 1098 1846 Cornelio
1130 1805 1304 1846 Lentulo
1336 1803 1599 1856 Marcellino,
1634 1803 1700 1846 Gn.
1729 1804 1911 1847 Cornelio
1932 1805 2107 1848 Lentulo
2138 1807 2216 1849 im-

739 1863 908 1919 perium
946 1863 992 1906 in
1031 1863 1215 1906 alterum
1246 1863 1588 1918 quinquennium
1617 1861 1844 1918 Augustus
1878 1865 1963 1907 sibi
1993 1867 2217 1921 prorogari

737 1923 916 1978 patitur,
944 1921 1184 1978 Agrippam
1213 1922 1260 1965 in
1290 1921 1406 1964 idem
1436 1918 1608 1977 tempus
1631 1922 1843 1978 collegam
1864 1924 2121 1967 tribuniciae
2143 1938 2218 1980 po-

742 1982 915 2024 testatis
947 1982 1131 2024 assumit
1161 1981 1286 2037 eique
1324 1981 1634 2037 proconsulare
1671 1981 1900 2037 imperium
1930 1983 1976 2025 in
2017 1984 2217 2027 omnibus

739 2041 976 2096 provinciis
1006 2041 1176 2083 tribuit:
1211 2043 1409 2083 senatum
1431 2040 1486 2082 ad
1509 2039 1597 2084 600
1615 2040 1788 2096 redigit.
1836 2040 1905 2084 Ad
1926 2042 2216 2086 emendandos

738 2112 882 2142 mores
914 2112 1150 2155 aggressus
1182 2099 1326 2155 legem
1357 2099 1668 2156 sumptuariam
1698 2099 1796 2152 fert,
1829 2100 1958 2143 aliam
1990 2101 2043 2144 de
2063 2103 2216 2157 poenis

739 2159 954 2203 caelibum
983 2159 1273 2214 praemiisque
1305 2159 1558 2201 maritorum
1587 2158 1699 2201 ferre
1731 2159 1897 2215 incipit.
1951 2159 2153 2204 Tiberius
2175 2161 2216 2204 h.

739 2230 776 2259 a.
817 2219 906 2259 tres
938 2217 1128 2273 Augusti
1165 2218 1413 2272 provincias
1447 2216 1638 2260 Gallicas
1678 2219 1812 2274 regit,
1855 2219 1926 2261 cui
1962 2219 2008 2262 in
2038 2219 2219 2276 Belgica

738 2275 938 2318 succedit
964 2276 1020 2318 M.
1052 2276 1234 2319 Lollius.
1411 2323 1413 2325 .

703 2334 805 2378 Cos.
842 2334 886 2377 0.
919 2335 1095 2387 Furnio,
1141 2335 1185 2376 Ο.
1217 2335 1337 2376 Iunio
1369 2334 1518 2376 Silano
1557 2334 1650 2377 ludi
1686 2335 1934 2378 saeculares
1977 2337 2117 2392 quinti
2149 2351 2234 2380 ce-‚

737 2394 960 2436 lebrantur
992 2394 1186 2445 (Horatii
1217 2392 1430 2445 carmen).
1499 2393 1780 2436 Praefectura
1810 2394 2217 2449 urbiffinstituitur,

739 2465 868 2508 quam
888 2452 1093 2495 Messalla
1119 2452 1332 2495 Corvinus
1362 2465 1441 2508 per
1470 2458 1635 2508 paucos
1667 2452 1761 2496 dies
1795 2454 1919 2509 gerit.
1973 2453 2024 2497 L.
2043 2455 2217 2508 Caesar,

742 2512 962 2567 Agrippae
993 2511 1124 2563 filius,
1154 2511 1349 2554 nascitur
1381 2524 1429 2554 ac
1461 2511 1591 2567 paulo
1624 2514 1726 2568 post
1755 2510 1980 2568 Augustus
2015 2512 2077 2556 c:
2096 2517 2141 2557 et
2167 2514 2216 2558 L.

733 2570 943 2613 Caesares
972 2571 1150 2626 adoptat
1180 2582 1547 2626 successoresque
1568 2571 1740 2627 imperii
1760 2571 1963 2614 destinat.
2004 2572 2215 2630 Agrippa,

739 2630 974 2672 comitante
1007 2642 1156 2682 uxore,
1188 2629 1235 2673 in
1266 2630 1478 2673 orientem
1508 2629 1821 2686 proficiscitur:
1855 2643 1987 2686 quare
2019 2633 2072 2675 ab
2105 2646 2216 2676 anno

738 2687 795 2731 23
826 2700 964 2743 usque
996 2689 1051 2732 ad
1080 2702 1149 2732 an.
1174 2688 1228 2732 13
1259 2701 1386 2732 nemo
1418 2689 1529 2732 alius
1553 2688 1753 2733 Caesaris
1783 2691 2021 2746 provinciis
2042 2692 2088 2734 in
2111 2691 2219 2735 Asia

736 2747 938 2802 praefuit.

700 2803 802 2848 Cos.
834 2806 888 2847 L.
913 2787 1138 2859 Domitius,
1168 2806 1238 2848 C'n.
1260 2807 1334 2859 fil.
1355 2807 1410 2849 L.
1441 2822 1546 2861 nep„
1577 2807 1627 2850 P.
1650 2807 1820 2862 Scipio,'
1839 2807 1935 2851 suff.
1958 2808 2007 2851 L.
2027 2809 2215 2860 Tarius.)

743 2862 907 2907 Gentes
946 2864 1151 2920 Alpinae,
1197 2865 1303 2907 item
1341 2865 1556 2908 Pannonii
1594 2865 1829 2922 Noricique
1870 2871 2216 2919 commoventur3
2304 2892 2314 2903 ι

723 2922 905 2965 {cladem
937 2924 1069 2966 etiam
1091 2923 1325 2980 Sygambri
1356 2927 1399 2967 et
1421 2924 1625 2980 Usipetes
1659 2928 1702 2968 et
1724 2925 1987 2969 Tenchtheri
2007 2927 2061 2969 M.
2077 2927 2292 2983 Lollio—1
2331 2945 2392 2992 .·7·

722 2981 971 3030 finferunt.'
1013 2981 1153 3033 Quare
1184 2981 1411 3038 Augustus
1441 2983 1551 3039 ipse,
1585 2985 1743 3026 comite
1766 2984 1941 3028 Tiberio
1973 2988 2064 3027 tum
2095 2999 2217 3041 prae-

744 3042 852 3093 tore,
883 3041 928 3083 in
963 3039 1148 3084 Galliam
1178 3040 1460 3096 proficiscens
1493 3042 1715 3085 Statilium
1747 3042 1936 3085 Taurum
1968 3044 2065 3086 urbi
2094 3058 2217 3100 prae-

739 3098 845 3142 ficit.
917 3098 1201 3142 Celebrantur
1239 3098 1490 3155 Agrippae,
1506 3103 1682 3156 sumptu
1735 3101 1827 3144 ludi
1840 3103 2216 3158 «quinquennales

741 3160 917 3213 propter
937 3157 1129 3215 Augusti
1146 3159 1452 3214 principatum.
1498 3159 1697 3212 Herodes,
1730 3174 1808 3203 rex
1827 3160 2029 3214 Iudaeus,
2059 3161 2216 3219 Agrip-

742 3230 843 3272 pam
875 3217 999 3260 colit:
1040 3217 1245 3260 Nicolaus
1278 3217 1590 3271 Damascenus,
1630 3219 1789 3272 rhetor,
1821 3221 2046 3276 utriusque
2077 3223 2217 3278 gratia

742 3274 880 3318 floret.
942 3276 1106 3319 Moesia
1134 3277 1360 3332 provincia
1389 3277 1470 3320 hoc
1502 3277 1591 3320 fere
1624 3291 1736 3321 anno
1767 3279 2024 3322 instituitur.

704 3332 803 3377 Cos.
834 3334 898 3375 M
921 3334 1069 3377 Livius
1087 3337 1254 3378 Drusus
1273 3336 1395 3388 Libo,
1428 3337 1483 3379 L.
1513 3338 1758 3391 Calpurnius
1778 3337 1919 3388 Piso.)
1971 3339 2084 3381 Dum
2104 3337 2216 3395 Aug.

684 3412 687 3415 ·
743 3394 789 3435 in
821 3391 964 3435 Gallia
995 3397 1296 3447 commoratur,
1331 3395 1531 3449 Tiberius
1564 3399 1609 3439 et
1638 3397 1807 3439 Drusus
1838 3397 2023 3439 Nerones
2053 3398 2238 3440 Raetos?

748 3454 791 3494 et
810 3450 1064 3494 Vindelicos
1096 3454 1142 3495 in
1171 3453 1355 3509 Alpibus
1379 3452 1646 3498 Tridentinis
1679 3456 1898 3512 subigunt.
1945 3456 2087 3499 Etiam
2119 3454 2237 3499 cum²
2262 3471 2264 3473 '

753 3510 996 3562 Germanis,
1014 3511 1238 3555 obsidibus
1257 3514 1463 3568 acceptis,
1477 3527 1565 3569 pax
1582 3515 1866 3569 componitur.
1889 3514 2053 3558 Vedius
2062 3515 2216 3566 Pollio,

747 3581 814 3624 eq.
847 3569 986 3621 Rom„
1024 3573 1219 3613 mortuus
1251 3571 1442 3624 Romae,
1472 3572 1765 3615 cuius-aedes
1778 3573 2042 3615 ‘destructae
2073 3573 2217 3616 locum

741 3627 950 3670 dederunt
978 3628 1167 3683 porticui
1196 3629 1358 3671 Liviae.
