2392 4016
426 183 479 227 14
1130 180 1347 232 Imperium
1379 180 1636 223 Graecorum.

540 373 705 428 Lyciae
733 372 905 429 regem,
937 372 1121 426 missus,
1160 373 1329 430 Pegaso
1371 372 1486 416 alato
1515 384 1627 429 equo
1657 384 1785 425 usus,
1826 370 2096 415 Chimaeram

541 435 584 475 et
608 432 811 488 Solymos
833 431 1033 488 perdidit,
1066 434 1111 475 et
1132 432 1262 475 ducta
1281 432 1529 485 Laodamia,
1560 432 1738 475 lobatae
1758 430 1802 483 f.‚
1835 444 1911 473 rex
1932 430 2095 485 Lyciae

541 490 682 534 factus
715 494 795 544 est,
830 503 879 533 ac
912 494 1111 547 nepotem
1135 504 1157 534 e
1180 491 1268 534 filio
1290 491 1562 547 Hippolocho
1584 491 1713 534 habet
1739 491 1951 542 Glaucum,
1983 490 2097 532 inter

541 551 685 594 socios
718 548 1003 593 Troianorum
1038 550 1213 593 clarum.
1274 550 1399 594 Alius
1432 550 1613 606 Sisyphi
1641 549 1671 592 f.
1702 549 1929 605 Ornytion,
1970 549 2094 591 cuius

540 608 727 652 filiorum
759 609 868 651 alter
889 609 1051 651 Phocus
1081 613 1231 652 auctor
1262 610 1449 653 civitatis
1472 609 1760 652 Phocensium
1782 609 1953 659 dicitur,
1987 607 2095 650 alter

543 668 686 711 Thoas
720 667 918 711 Corinthi
947 670 1114 724 regnat.
1163 668 1372 712 Thoantis
1404 668 1432 711 f.
1466 669 1734 724 Damophon,
1763 679 1902 723 nepos
1934 667 2095 722 Propo-

540 726 640 780 das,
681 729 942 783 pronepotes
974 727 1158 770 Doridas
1192 730 1236 770 et
1266 722 1560 783 Hyanthidas,
1600 727 1654 770 ab
1684 726 1928 770 Heraclidis
1959 738 2094 781 regno

542 787 713 842 privati.
768 786 916 839 Tertia
947 788 991 828 et
1020 790 1173 841 quarta
1195 787 1327 842 stirps
1349 788 1393 829 in
1415 787 1638 830 Boeotiam
1660 786 1877 841 migravit,
1909 785 1983 828 ubi
2003 786 2096 826 Ha-

543 846 690 887 liartus
721 847 764 887 et
790 846 980 897 Coranus,
1011 844 1093 887 filii
1126 845 1403 898 Thersandri,
1435 849 1615 902 nepotes
1639 845 1832 900 Sisyphi,
1865 845 1994 887 urbes
2026 856 2096 886 co-

541 905 768 960 gnomines
800 904 1047 947 condidisse
1079 904 1326 957 traduntur;
1359 906 1507 947 Almus
1536 908 1693 957 autem,
1726 907 1770 946 et
1798 904 1892 959 ipse
1916 903 2096 958 Sisyphi

539 962 671 1015 filius,
703 976 779 1018 per
809 962 924 1005 filias
957 963 1107 1018 populi
1136 963 1427 1020 Phlegyarum
1460 967 1506 1007 et
1533 964 1778 1019 Minyarum
1809 965 1959 1005 auctor
1988 961 2050 1005 fit.

452 1022 497 1073 c)
536 1023 742 1063 Athamas
762 1022 805 1063 in
824 1022 1061 1074 Boeotiam,
1096 1034 1205 1076 quae
1226 1026 1328 1078 post
1348 1026 1504 1066 vocata
1520 1025 1600 1074 est,
1626 1022 1842 1078 migravit,
1875 1021 2002 1064 sedes
2025 1033 2095 1063 ac-

541 1081 658 1135 cepit
679 1081 731 1122 ab
752 1080 940 1131 Andreo‚
963 1092 1065 1135 rege
1090 1080 1388 1133 Orchomenio,
1417 1082 1651 1136 habuitque
1673 1094 1697 1123 e
1718 1080 1911 1136 Nephele
1932 1081 2093 1123 liberos

540 1140 746 1194 Phryxum
768 1141 811 1180 et
832 1139 994 1190 Hellen,
1027 1139 1102 1193 qui
1132 1151 1230 1181 cum
1260 1139 1444 1188 insidias
1475 1151 1686 1182 novercae
1716 1139 1835 1191 Inus,
1869 1137 2020 1181 Cadmi
2049 1138 2095 1191 f.‚

539 1197 768 1254 fugissent,
802 1197 987 1239 Phrixus
1019 1197 1065 1239 in
1098 1197 1231 1240 ariete
1264 1211 1393 1240 aureo
1425 1202 1576 1241 vectus
1609 1210 1746 1253 usque
1777 1197 1823 1239 in
1846 1196 2097 1240 Colchidem

539 1257 796 1312 penetravit.
847 1255 1054 1300 Athamas
1087 1257 1125 1299 θ’
1141 1256 1325 1300 Βο60113
1355 1258 1519 1300 61661118
1550 1256 1854 1300 Athamaniam
1883 1256 1929 1299 in
1958 1255 2095 1298 Thes-

540 1316 648 1358 salia
679 1314 885 1358 condidit.

451 1374 502 1426 d)
543 1375 784 1417 Salmoneus
813 1374 913 1417 Elin
942 1374 990 1416 111
1019 1373 1321 1430 Peloponneso
1353 1374 1558 1417 condidit.
1618 1374 1726 1417 Eius
1757 1372 1848 1415 filia
1878 1375 1948 1416 est
1972 1373 2094 1429 Tyro,

541 1447 649 1490 quae
681 1433 796 1489 apud
819 1433 1047 1476 Cretheum
1072 1447 1094 1476 e
1116 1434 1318 1490 Neptuno
1340 1434 1509 1490 peperit
1529 1434 1686 1476 Peliam
1710 1436 1754 1475 et
1774 1432 1958 1485 Neleum,
1991 1445 2095 1488 quo-

537 1507 631 1536 rum
661 1493 805 1535 Pelias
837 1493 883 1535 in
913 1493 1141 1535 Thessalia
1170 1496 1316 1536 manet
1346 1493 1456 1535 Iolci
1483 1505 1685 1549 regnans,
1716 1491 1937 1547 filiumque
1965 1492 2097 1534 habet

538 1553 760 1604 Acastum,
796 1565 829 1593 a
859 1552 989 1594 Peleo
1021 1553 1204 1604 victum3
1244 1551 1400 1594 Neleus
1437 1552 1483 1594 in
1512 1552 1861 1608 Peloponnesum
1893 1551 2096 1606 migravit

540 1614 583 1654 et
614 1612 769 1666 Pylum
800 1611 1113 1653 Messeniacam
1146 1611 1352 1654 condidit.
1405 1610 1646 1654 Duodecim
1679 1611 1772 1654 eius
1803 1609 1896 1662 filii,
1929 1622 2037 1665 quos
2070 1623 2093 1652 e

542 1667 757 1723 Chloride,
788 1669 1044 1726 Amphionis
1067 1670 1110 1723 f.‚
1142 1671 1314 1724 tulerat,
1346 1671 1391 1713 in
1411 1670 1525 1713 bello
1548 1671 1600 1713 ab
1617 1668 1802 1713 Hercule
1825 1669 2093 1722 occiduntur,

536 1733 708 1785 praeter
737 1729 961 1771 minimum
991 1732 1096 1772 natu
1117 1729 1342 1783 Nestorem,
1375 1731 1628 1786 sapientem,
1660 1730 1734 1785 qui
1753 1728 1892 1784 Pyliis
1921 1731 2097 1784 praeest

536 1789 582 1830 in
614 1789 728 1830 bello
763 1788 963 1830 Troiano.

450 1844 494 1896 e)
533 1848 668 1889 Deion
699 1848 743 1889 in
774 1846 1021 1889 Phthiotide
1052 1849 1220 1902 regnat.
1279 1846 1386 1890 Eius
1418 1846 1604 1890 filiorum
1635 1859 1747 1890 unus
1775 1846 1988 1901 Cephalus,
2024 1859 2095 1888 oc-

538 1907 629 1949 cisa
660 1906 879 1958 Procride,
912 1906 1143 1961 Erechthei
1173 1906 1216 1958 f.‚
1249 1919 1384 1949 uxore
1417 1906 1519 1949 exul
1551 1904 1875 1962 Cephalleniam
1905 1905 2095 1948 insulam

536 1965 740 2017 incoluit,
789 1965 899 2007 alius
939 1965 1072 2007 Actor
1110 1964 1247 2007 filium
1285 1965 1414 2008 habet
1450 1965 1771 2020 Eurytionem,
1803 1965 1878 2019 qui
1912 1965 2093 2016 'Peleum,

535 2024 671 2067 Aeaci
701 2023 850 2076 filium,
893 2037 990 2066 oum
1023 2024 1077 2066 ad
1107 2025 1251 2079 ipsum
1282 2025 1476 2067 venisset
1505 2037 1561 2067 ex
1589 2023 1762 2081 Aegina
1792 2036 1890 2066 cum
1920 2023 2094 2079 Myrmi-

538 2084 736 2135 donibus,
768 2084 932 2138 recepit
964 2086 1007 2125 et
1037 2096 1336 2126 successorem
1370 2084 1529 2126 habuit.

440 2141 502 2196 f)
534 2143 724 2197 Marones,
757 2142 810 2183 ad
842 2155 968 2197 quem
990 2143 1203 2195 Magnesii
1232 2143 1277 2184 111
1301 2143 1529 2185 Thessalia
1559 2154 1696 2198 genus
1728 2141 1933 2184 referunt.
1985 2141 2092 2184 Eius

536 2201 616 2243 filii
646 2201 905 2256 Polydectes
939 2205 983 2243 et
1015 2202 1165 2256 Dictys
1200 2201 1413 2256 Seriphon
1452 2201 1655 2252 condunt,
1687 2215 1724 2242 ‘a
1754 2202 1911 2256 quibus
1943 2201 2093 2243 Danae
2132 2200 2135 2203 ’

538 2273 635 2302 611111
665 2259 755 2302 11110
787 2260 946 2302 Perseo
977 2265 1165 2315 recepta.

446 2319 500 2374 y)
535 2320 718 2361 Perieres
748 2320 793 2361 in
823 2319 1079 2361 Messeniam
1114 2318 1346 2374 profectus,
1378 2317 1624 2373 Aphareum
1655 2318 1818 2372 genuit,
1858 2318 1981 2360 cuius
2013 2317 2093 2359 filii

538 2379 636 2421 Idas
677 2382 720 2420 et
750 2378 952 2433 Lynceus
992 2392 1016 2419 a
1049 2377 1228 2420 Castore
1269 2383 1312 2420 61
1343 2378 1520 2420 Polluce
1560 2376 1790 2419 interfecti.
1860 2377 1962 2418 Idae
2004 2375 2094 2418 filia

539 2437 781 2492 Cleopatra,
814 2450 922 2479 uxor
943 2437 1160 2492 Meleagri.
1212 2437 1439 2493 Aphareus
1460 2437 1646 2479 Neleum
1675 2436 1731 2478 ad
1760 2436 1903 2491 ipsum
1925 2435 2093 2490 fugien-

534 2499 622 2539 tem
655 2509 677 2538 e
711 2497 939 2538 Thessalia
969 2500 1204 2551 receperat.

478 2555 603 2598 Aeoli
632 2554 745 2597 filiae
782 2555 1008 2597 traduntur
1041 2554 1232 2607 Canace,
1274 2554 1470 2609 Alcyone
1503 2553 1685 2609 (Ceycis
1716 2554 1834 2609 regis
1868 2554 2091 2596 Trachinii

537 2615 689 2666 uxor),
730 2615 936 2667 Pisidice,
967 2614 1142 2669 Calyce,
1186 2614 1422 2656 Perimede.
1483 2614 1567 2656 Per
1599 2613 1791 2668 Calycen
1822 2612 1877 2654 ad
1906 2613 2090 2655 Aeolum

537 2687 674 2729 genus
705 2672 836 2715 refert
866 2673 1116 2716 Aetolorum
1157 2686 1279 2729 gens.
1348 2673 1459 2715 Nam
1490 2673 1651 2714 Aethlii
1682 2676 1726 2714 et
1757 2671 1941 2727 Calyces
1972 2671 2088 2714 filius

538 2736 605 2775 est
634 2733 873 2787 Endymion,
908 2734 981 2787 qui
1013 2733 1180 2774 Elidem
1211 2733 1407 2784 incoluit,
1447 2731 1647 2787 filiosque
1679 2731 1829 2774 habuit
1857 2732 2015 2785 Epeum
2047 2734 2092 2773 et

536 2792 758 2842 Aetolum,
798 2791 1014 2846 filiamque
1048 2792 1334 2847 Eurycydam.
1405 2792 1550 2846 Epeus
1582 2803 1710 2833 curru
1739 2791 1879 2833 victor
1910 2803 2090 2846 reguum

535 2851 673 2892 Elidis
709 2851 866 2900 habuit,
898 2851 1142 2905 populoque
1176 2864 1330 2894 nomen
1362 2851 1481 2893 dedit
1512 2850 1740 2906 Epeorum.
1792 2850 1844 2892 Ei
1876 2850 2092 2892 successit

535 2908 793 2964 Eurycyslae
826 2915 869 2950 et
893 2909 1085 2964 Neptuni
1114 2910 1142 2951 f.
1174 2910 1319 2963 Eleus,
1352 2911 1475 2953 cuius
1497 2909 1612 2952 filius
1628 2911 1811 2963 Auyeas,
1842 2910 1971 2951 boum
1994 2921 2090 2964 gre-

538 2969 664 3024 gibus
697 2968 951 3010 ditissimus.

478 3027 660 3079 Aetolus,
693 3028 801 3068 alter
832 3027 1115 3082 Endymionis
1146 3026 1274 3079 filius,
1315 3030 1475 3069 terram
1507 3027 1622 3069 circa
1652 3026 1889 3068 Acheloum
1922 3038 2091 3067 amnem

454 3103 457 3106 ·
537 3086 710 3135 insedit,
741 3085 938 3140 filiosque
971 3087 1121 3142 genuit
1150 3087 1406 3128 Pleuronem
1438 3090 1482 3128 et
1514 3085 1780 3140 Calydonem
1813 3085 1991 3136 (eadem
2022 3097 2090 3126 ur-

537 3146 653 3188 bium
687 3146 897 3196 nomina).

478 3203 704 3248 Pleuronis
744 3203 772 3246 f.
812 3204 1009 3258 Agenor,
1065 3202 1278 3258 Agenoris
1327 3203 1566 3256 Porthaon,
1612 3203 1871 3245 Porthaonis
1923 3203 2091 3254 Oeneus,

539 3264 708 3318 Ayrius,
741 3262 990 3313 Alcathous,
1023 3262 1170 3305 Melas.

485 3323 672 3374 Oeneus„
701 3334 779 3364 rex
819 3320 1106 3376 Calydonius,
1155 3335 1209 3364 ex
1247 3320 1451 3373 Althaea,
1493 3321 1662 3363 Thestii
1699 3319 1808 3372 filia,
1847 3320 2092 3376 procreavit

539 3384 791 3436 Aleleaqrum
832 3385 877 3422 et
904 3381 1168 3432 Deianiram,
1210 3394 1232 3422 e
1270 3381 1481 3423 Periboea
1523 3381 1564 3422 T
1553 3382 1712 3436 ydeum.
1774 3380 1958 3423 Venatio
1999 3380 2094 3435 apri

541 3440 783 3496 Calydonii,
816 3439 975 3482 bellum
1009 3438 1226 3481 Curetum.

486 3501 645 3556 Tydeus
666 3503 840 3556 propter
861 3499 1035 3540 caedem
1056 3497 1212 3540 factam
1234 3497 1383 3554 Argos.
1398 3498 1522 3553 fugit,
1555 3500 1600 3541 et
1619 3511 1674 3540 ex
1695 3495 1894 3553 Deipyle,
1915 3495 2092 3539 Adrasti

538 3560 654 3616 regis
686 3558 788 3612 filia,
819 3557 1063 3613 procreavit
1081 3558 1328 3609 Diomedem,
1361 3558 1436 3612 qui
1465 3571 1592 3600 avum
1614 3557 1806 3600 Oeneum
1837 3557 1890 3598 ab
1921 3555 2090 3598 iniuriis

2144 334 2176 357 a.
2203 326 2286 359 Chr.
2310 336 2345 358 n.
