2392 4016
904 199 1100 239 historiae
1130 199 1287 239 vetoris.
1973 205 2067 241 xx!

132 354 353 397 auctorem
395 361 528 395 unum
565 348 756 394 omnium
794 347 991 392 veritatis
1031 347 1403 392 studiosissimum
1443 351 1489 392 et
1525 361 1626 393 vere
1648 348 1859 407 ,antiquis
1890 347 1980 392 illis
2010 348 2069 393 si·

131 424 359 469 millimum
392 433 622 480 superesse
651 420 905 465 Ammianam
938 421 1240 465 Marcellinum.
1311 420 1355 464 Is
1387 419 1530 464 Taciti
1562 420 1767 465 historias
1798 421 2071 466 continuavit

132 500 177 542 et
207 511 234 541 a
263 496 432 541 Nervae
472 494 717 551 principatu
762 506 901 551 usque
933 494 989 538 ad
1008 493 1209 538 Valentis
1240 493 1464 538 interitum
1504 506 1648 537 rerum
1681 496 1902 550 gestarum
1934 495 2069 539 libros

131 570 184 615 31
230 568 428 626 scripsit,
476 579 529 610 ea
567 565 743 623 quidem
784 567 952 611 ratione
984 566 1126 624 (quod
1162 566 1344 611 nimium
1386 578 1517 623 saepe
1555 566 1662 610 mihi
1701 566 1932 611 dicendum
1970 580 2069 611 esse

131 640 301 695 video),
333 642 382 684 ut
410 650 496 696 quo
526 638 784 696 procederet
811 640 987 698 longius
1017 642 1226 697 tempore,
1268 651 1321 683 eo
1354 642 1548 684 narraret
1578 640 1840 692 accuratius,
1873 652 2070 697 praeser-

132 714 210 758 tim
240 725 352 770 quae
381 712 499 768 ipse,
529 711 657 755 miles
689 712 771 756 sub
802 711 994 766 Iuliano,
1026 711 1221 757 vidisset.
1283 711 1425 756 Huius
1457 713 1593 770 igitur
1624 713 1852 770 scriptoris
1882 725 1982 756 cum
2016 713 2071 757 13

133 786 235 830 libri
263 784 435 842 priores
464 784 688 841 perierint,
729 787 966 842 supersunt
998 784 1053 830 18
1082 786 1372 842 posteriores,
1410 787 1583 844 praeter
1622 799 1675 831 ea
1705 799 1816 844 quae
1847 785 2071 843 professus

133 862 246 913 erat,
284 858 430 903 variae
462 856 719 902 eruditionis
749 857 882 914 pleni.
954 857 1042 902 Sed
1082 858 1138 902 ad
1178 861 1443 915 postremam
1473 859 1602 903 huius
1633 860 1802 917 periodi
1831 861 1998 916 partem
2029 860 2074 902 et

138 933 358 977 Theodosii
385 931 614 989 imperium
653 930 795 974 minor
835 933 903 975 est
931 930 1186 975 Latinorum
1226 932 1487 989 scriptorum
1518 933 1665 990 copia:
1707 933 1791 976 huc
1821 931 2072 976 referendae

137 1008 239 1051 sunt
257 1005 494 1063 Symmachi
524 1003 750 1061 epistolae,
782 1003 995 1061 imprimis
1026 1004 1100 1048 lib.
1126 1005 1196 1059 10,
1227 1017 1408 1061 quarum
1438 1005 1668 1062 plerasque
1699 1004 1947 1062 praefectus
1977 1004 2072 1048 urbi

134 1079 188 1123 de
218 1078 349 1123 rebus
381 1077 558 1121 urbanis
590 1076 647 1120 ad
678 1076 983 1133 imperatorem
1011 1077 1146 1131 misit,
1174 1078 1396 1130 Ambrosii,
1429 1078 1563 1135 episc.
1585 1077 1937 1130 Mediolanensis,
1969 1077 2072 1121 item

135 1151 346 1209 epistolae
378 1153 425 1195 et
454 1149 593 1194 oratio
636 1149 689 1193 de
721 1149 841 1193 obitu
863 1149 1180 1204 Valentiniani,
1220 1151 1370 1194 Latini
1399 1151 1554 1193 Pacori
1581 1151 1875 1208 panegyricus
1914 1164 1951 1194 a.
1984 1149 2067 1195 391

135 1225 294 1278 dictus,
325 1223 487 1267 multae
517 1225 742 1280 praeterea
770 1222 893 1279 leges
925 1223 970 1266 in
997 1222 1277 1266 Theodosium
1309 1224 1459 1276 codice,
1490 1223 1710 1280 praeclare
1742 1236 1768 1266 a
1798 1222 1885 1267 Iac.
1910 1222 2073 1267 Gotho·

136 1297 256 1342 fredo
288 1295 546 1354 explicatae.

255 1368 466 1413 Venimus
498 1362 553 1411 ad
583 1368 764 1411 ultimam
796 1371 841 1412 et
869 1367 1214 1412 infelicissimam
1246 1376 1418 1411 aetatem
1455 1367 1626 1425 imperii
1656 1367 1843 1411 Romani
1873 1366 2074 1411 occiden-

136 1442 251 1486 talis.
320 1440 431 1484 Nam
463 1453 562 1484 cum
595 1439 844 1484 Theodosio
876 1442 1045 1484 mortuo
1087 1440 1172 1484 duo
1204 1439 1284 1484 filii
1314 1439 1439 1497 pueri
1477 1453 1620 1484 rerum
1661 1440 1852 1483 omnium
1883 1439 2074 1496 imperiti

137 1516 183 1558 et
210 1512 430 1557 immcillo
461 1512 640 1569 iugenio
672 1511 860 1569 praediti
900 1513 1244 1566 successissent,
1286 1513 1331 1556 et
1369 1511 1526 1556 divisio
1557 1512 1727 1569 imperii
1766 1514 1918 1555 contra
1946 1524 2074 1568 quam

71 1653 73 1655 ‚
135 1587 210 1631 ille
239 1585 429 1630 futurum
461 1586 724 1642 speraverat,
765 1585 1055 1629 aemulatione
1087 1585 1329 1628 aulicorum
1358 1583 1475 1628 facta
1505 1587 1625 1628 esset
1654 1587 1877 1642 perpetua,
1917 1586 2077 1628 cuncta

136 1659 263 1713 mala,
295 1670 406 1715 quae
437 1656 541 1701 olim
570 1656 800 1713 prudentia
821 1659 866 1701 et
885 1657 1139 1701 fortitudine
1159 1658 1470 1714 imperatorum
1491 1659 1713 1713 utcunque
1728 1657 1917 1714 vdepulsa
1939 1658 2075 1709 erant,

139 1731 284 1776 subito
315 1731 629 1787 proruperunt:
662 1729 836 1773 barbari
868 1732 912 1774 et
932 1729 1163 1783 foederati,
1193 1729 1268 1786 qui
1291 1729 1452 1773 dudum
1474 1731 1635 1786 quanto
1658 1729 1905 1786 superiores
1928 1731 2078 1772 essent

137 1803 346 1847 Romanis
377 1801 698 1854 intellexerant,
730 1803 775 1845 et
804 1802 907 1846 novi
936 1802 1100 1856 hostes,
1143 1802 1329 1859 praedas
1362 1804 1407 1846 et
1436 1814 1566 1859 agros
1599 1804 1871 1858 quaerentes,
1903 1802 1948 1844 in
1979 1813 2077 1858 pro·

138 1875 306 1920 vincias
337 1873 646 1926 occidentales,
688 1885 796 1929 quas
830 1874 1124 1931 opulentiores
1164 1888 1263 1919 esse
1296 1874 1508 1931 putabant
1537 1887 1665 1930 quam
1698 1874 1942 1927 Thraciam,
1982 1885 2077 1916 sae·

139 1947 238 2005 pius
270 1949 399 1991 autea
428 1946 750 2003 depopulatam,
781 1946 1048 2000 invaserunt,
1081 1948 1126 1990 et
1156 1946 1344 2004 singulis
1375 1946 1422 1990 iu
1452 1948 1713 2004 potestatem
1746 1945 1951 1998 redactis,
1981 1947 2077 1989 tan·

141 2019 239 2064 dem
278 2019 410 2063 etiam
450 2018 643 2071 Italiam,
691 2018 886 2062 extincto
933 2019 1107 2064 nomine
1145 2019 1423 2076 imperatorio
1437 2052 1448 2072 ‚
1496 2019 1581 2063 sibi
1628 2032 1780 2076 parere
1826 2020 2076 2075 coegerunt.

142 2091 356 2136 Auctores
386 2091 536 2135 harum
567 2103 710 2135 rerum
743 2091 872 2148 pauci
905 2093 1007 2135 sunt
1035 2089 1164 2147 (quae
1195 2091 1294 2147 ipsa
1325 2091 1451 2135 nobis
1482 2103 1617 2135 causa
1647 2091 1742 2145 fuit,
1774 2103 1851 2134 cur
1870 2090 1982 2134 hauc
2003 2103 2077 2147 pe·

142 2162 311 2207 riodum
340 2163 668 2207 accuratissime
698 2162 999 2220 explicandam
1032 2162 1424 2218 existimaremus),
1464 2177 1564 2208 nam
1597 2176 1652 2207 ex
1685 2163 1913 2207 universae
1943 2162 2077 2206 histo-

142 2234 231 2278 riae
263 2235 482 2278 Romanae
514 2235 823 2292 scriptoribus,
862 2247 961 2278 cum
992 2234 1229 2293 Eutropius
1262 2238 1307 2280 et
1327 2236 1530 2281 Victores
1562 2237 1609 2280 in
1640 2236 1866 2293 superiore
1898 2234 2077 2291 periodo

143 2306 373 2361 desierint,
412 2321 467 2352 ne
499 2308 711 2352 Zonaram
744 2306 918 2364 quidem
949 2307 1020 2351 hic
1059 2308 1115 2352 ad
1145 2311 1292 2366 partes
1323 2322 1479 2353 vocare
1510 2321 1744 2366 possumus
1760 2341 1771 2361 ,
1814 2307 1974 2364 quippe
2005 2305 2080 2362 qui

142 2382 245 2437 post
273 2380 519 2424 institutam
551 2380 813 2424 divisionem
845 2379 985 2424 solum
1016 2380 1119 2438 imp.
1153 2382 1376 2426 orientalis
1408 2381 1633 2426 historiam
1665 2383 1964 2438 persequatur,
2002 2394 2081 2426 nec

149 2452 292 2496 orosio
325 2451 434 2496 duce
466 2452 651 2509 amplius
683 2465 813 2509 quam
843 2465 982 2509 usque
1014 2453 1069 2496 ad
1100 2467 1259 2501 annum
1290 2453 1378 2498 418
1409 2454 1583 2497 utimur.
1631 2453 1723 2497 Iam
1753 2466 1856 2498 vero
1877 2453 2081 2507 Zosimus,

144 2525 218 2582 qui
247 2524 329 2569 hoc
361 2524 447 2568 sibi
477 2527 781 2582 argumentum
811 2524 1071 2569 intereuntis
1103 2525 1275 2583 imperii
1305 2526 1527 2583 peculiare
1560 2528 1820 2582 sumpserat,
1851 2526 1896 2569 in
1917 2526 2084 2569 Alarici

144 2595 495 2654 expeditionibus
518 2596 684 2641 Italicis
716 2596 928 2650 constitit,
962 2596 1081 2640 circa
1111 2610 1269 2640 annum
1301 2598 1391 2643 410
1420 2596 1537 2656 (lege
1568 2598 1663 2642 eius
1694 2597 1852 2642 librum
1883 2598 2100 2654 quintum*

145 2672 191 2713 et
219 2669 334 2713 sexti
363 2667 694 2726 fragmentum),
726 2669 955 2722 incertum,
988 2670 1129 2711 utrum
1163 2668 1259 2725 ipse
1290 2670 1561 2726 propositum
1593 2668 1802 2728 perficere
1825 2669 2081 2726 nequiverit,

145 2754 201 2785 an
229 2741 438 2798 temporis
470 2743 666 2785 vetustas
698 2742 845 2784 cetera
874 2740 1098 2784 deleverit.
1161 2739 1313 2797 Itaque
1343 2742 1575 2786 maximam
1607 2745 1652 2787 et
1682 2742 1877 2786 ultimam
1910 2754 2035 2799 opem
2057 2755 2083 2784 a

150 2813 434 2858 chronicorum
465 2812 749 2870 scriptoribus
779 2812 983 2870 petimus,
1015 2824 1197 2870 quorum
1227 2825 1360 2871 supra
1389 2826 1490 2871 pag.
1507 2813 1614 2859 VIII
1644 2814 1878 2872 diligenter
1899 2814 2082 2858 fecimus

146 2886 422 2931 mentionem.
492 2884 645 2942 Neque
684 2887 830 2929 tamen
868 2883 1029 2929 desunt
1066 2884 1232 2942 aliquot
1261 2886 1520 2944 scriptores,
1560 2900 1742 2944 quorum
1773 2887 1936 2931 auxilio
1968 2886 2085 2931 nuda

147 2959 272 3015 quasi
303 2957 475 3002 illorum
506 2969 609 3002 ossa
637 2957 816 3002 vestias.
887 2956 1104 3014 Imprimis
1144 2957 1229 3002 huc
1271 2959 1492 3016 pertinent
1522 2960 1747 3003 Iov-nanda
1779 2958 1971 3012 Gothus,
2009 2959 2082 3016 qui

149 3042 254 3074 suae
284 3029 427 3087 gentis
458 3029 621 3073 variam
650 3028 868 3075 fortunam
899 3043 925 3073 a
953 3030 1094 3087 primo
1126 3031 1251 3076 initio
1285 3045 1422 3089 usque
1454 3032 1509 3076 ad
1540 3045 1686 3089 regem
1709 3031 1902 3090 vitigem
1934 3035 1978 3076 et
2008 3045 2081 3075 ex·

148 3101 333 3146 tinctum
363 3114 544 3158 regnum
578 3099 818 3147 Gothorum
849 3102 993 3156 brevi,
1034 3102 1113 3148 sed
1143 3104 1241 3148 utili
1273 3104 1421 3148 libello
1456 3104 1682 3161 exposuit,
1724 3105 1796 3148 cui
1826 3104 1983 3148 similis
2016 3108 2085 3147 est

156 3171 380 3229 Gregorius
412 3173 702 3229 Turonensis,
744 3175 910 3219 saeculi
940 3176 1055 3220 sexti
1087 3177 1293 3232 scriptor,
1324 3176 1530 3219 historiae
1562 3175 1826 3220 Francorum
1858 3175 2083 3220 fabulosus

152 3245 316 3287 auctor.
387 3243 652 3290 Graecorum
682 3243 762 3300 (ut
789 3247 929 3291 Prisci
957 3247 1246 3305 fragmentum
1287 3247 1340 3292 de
1372 3248 1590 3306 legatione
1628 3248 1682 3292 ad
1714 3246 1894 3292 Attilam
1926 3262 1965 3292 a.
1995 3247 2084 3292 488

152 3315 371 3370 omittam,
419 3317 534 3373 quod
581 3318 693 3363 inter
738 3322 945 3377 excerpta
990 3320 1256 3377 legationum
1303 3320 1486 3379 legitur)
1525 3321 1769 3376 Procopius,
1828 3333 1926 3364 cum
1975 3320 2085 3364 illud

150 3387 310 3432 bellum
358 3388 604 3434 describere
652 3391 975 3443 constituisset,
1022 3404 1108 3448 quo
1154 3392 1420 3437 Iustinianus
1468 3393 1701 3451 imperator
1744 3391 1920 3437 saeculo
1957 3394 2083 3436 sexto

152 3459 340 3505 Africam
363 3461 565 3506 Belisarii
598 3462 757 3507 virtute
787 3464 1074 3521 recuperavit,
1106 3464 1383 3509 barbarorum
1414 3478 1673 3523 progressus
1705 3464 1836 3509 altius
1867 3464 2083 3521 repetivit,

152 3535 197 3577 et
227 3533 334 3577 bella
364 3549 450 3577 cum
470 3533 673 3578 Vandalis
702 3547 780 3592 per
809 3534 920 3579 hanc
951 3547 1124 3593 quoque
1156 3535 1379 3594 periodum
1401 3551 1428 3581 a
1448 3537 1655 3581 Romanis
1678 3539 1805 3594 gesta
1824 3539 2082 3594 persecutus

155 3606 236 3649 est.
289 3604 485 3663 Denique
514 3611 725 3663 potiorum
751 3623 848 3664 por,
881 3620 967 3665 quo
999 3611 1230 3665 pereuntes
1263 3608 1433 3654 litterae
1455 3608 1675 3655 Romanae
1703 3609 1945 3654 illustratae
1968 3610 2083 3656 suut»
