2392 4016
326 195 408 241 158

338 346 427 387 p.C.

327 626 412 670 110

243 809 247 812 ’
325 803 405 846 111

325 981 407 1024 112

324 1040 407 1084 113

323 1217 407 1260 114

491 355 526 377 u.
545 355 574 378 Ο.

473 625 559 670 863

471 803 557 846 864

469 980 555 1024 865

469 1039 555 1083 866

469 1216 555 1260 867

621 344 704 383 imp.

624 625 677 670 13

622 803 675 845 14

621 979 674 1024 15

622 1039 674 1082 16

621 1216 673 1258 17

1098 198 1275 238 Annales
1306 199 1479 240 Romani

776 391 963 445 neptem,
995 389 1150 432 Iuliam
1171 389 1378 434 Sabinam
1409 388 1599 442 (adiutus
1621 392 1762 449 gratia
1780 393 1972 436 Plotinae
1994 392 2252 450 Augustae),

776 448 822 491 in
843 449 1161 492 matrimonium
1193 452 1433 505 acceperat.
1481 450 1688 507 Bithynia
1717 465 1836 509 prov.
1871 452 1924 494 ad
1947 451 2148 496 Caesaris
2181 466 2254 496 cu-

774 521 865 550 ram
895 508 1165 560 transfertur,
1198 521 1327 563 quam
1359 509 1411 551 ab
1447 508 1500 552 17
1525 509 1644 566 Sept.
1667 511 1835 555 Plinius
1866 513 1994 568 regit,
2024 515 2126 566 post
2157 525 2251 555 eum

777 566 952 610 Coelius
986 567 1201 619 Clemens,
1234 566 1282 611 C.
1316 567 1451 610 Iulius
1484 567 1714 614 Cornutus.

741 626 842 669 Cos,
866 626 959 669 Ser.
982 626 1130 682 Scipio
1154 626 1428 670 Salvidienus
1461 626 1634 682 Orfitus,
1666 630 1720 672 Μ.
1751 629 2004 673 Peducaeus
2028 629 2251 672 Priscinus

778 685 900 736 (suff.
933 686 981 728 P.
1015 685 1231 729 Calvisius
1265 685 1441 739 Tullus,
1482 686 1531 730 L.
1552 686 1785 732 Arruntius
1818 688 2029 745 Largus.)
2063 688 2145 730 Via
2177 701 2254 744 per

774 744 955 800 paludes
986 745 1241 800 Pomptinas
1270 746 1478 788 munitur.

739 802 839 846 Cos.
874 803 923 846 C.
955 803 1215 860 Calpurnius
1248 805 1364 858 Piso,
1396 805 1568 849 Vettius
1600 806 1808 850 Rusticus
1837 806 2030 850 Bolanus
2063 805 2180 857 (suff.
2205 804 2253 849 C.

778 862 915 906 Ursus
949 863 1182 907 Servianus
1221 863 1285 917 II,
1333 864 1381 907 L.
1414 863 1575 908 Fabius
1608 865 1788 917 Iustus.)
1858 866 2015 908 Portus
2050 864 2253 908 Centum·
2338 927 2346 933 .

777 922 971 964 cellanus
1002 923 1209 966 munitus.

737 979 837 1023 Cos.
869 981 977 1036 Imp.
1008 981 1152 1024 Nerva
1183 981 1396 1024 Traianus
1428 982 1504 1035 VI,
1537 982 1590 1026 Τ.
1623 982 1801 1029 Sextius
1832 981 2077 1026 Africanus.

738 1038 838 1081 Cos.
870 1039 920 1081 L.
943 1040 1156 1082 Publilius
1181 1039 1339 1083 Celsus
1370 1040 1427 1093 ΙΙ,
1461 1039 1509 1084 C.
1533 1039 1713 1084 Clodius
1735 1040 1995 1098 Crispinus.)
2063 1042 2255 1084 Columna

751 1098 942 1158 ⁴cochlis
981 1099 1027 1140 in
1058 1111 1170 1141 novo
1202 1098 1294 1141 foro
1332 1099 1527 1152 Traiani,
1567 1104 1893 1147 monumentum
1931 1102 2139 1144 victoriae
2171 1101 2254 1142 Da-

775 1158 910 1209 cicae,
943 1157 1105 1200 Romae
1139 1157 1374 1200 dedicatur.

738 1215 838 1259 Cos.
872 1216 919 1268 Q.
953 1216 1140 1259 Ninnius
1172 1217 1324 1269 Hasta,
1364 1217 1412 1260 P.
1442 1216 1646 1261 Manilius
1669 1216 1886 1274 Vopiscus
1919 1216 2041 1271 (suff.
2074 1218 2124 1261 L.
2155 1218 2255 1261 Lol-

775 1275 917 1318 lianus
950 1276 1120 1329 Avitus,
1153 1276 1201 1318 L.
1234 1276 1421 1319 Messius
1453 1275 1697 1330 Rusticus.)

835 1335 1069 1391 Princeps,
1111 1336 1186 1391 qui
1223 1335 1264 1378 h.
1287 1349 1344 1378 ,a.
1379 1335 1578 1392 Optimus
1611 1335 1699 1379 dici
1735 1336 1910 1392 incipit,
1952 1337 2045 1379 adv.
2077 1336 2257 1378 Parthos

775 1394 878 1450 imp.
919 1392 1044 1438 Rom.
1087 1407 1321 1451 aggressos
1355 1397 1567 1450 profectus
1603 1394 1878 1439 Antiochiam
1916 1395 2073 1438 liberat
2108 1396 2255 1452 ibique

773 1454 985 1497 hibernat.
1046 1454 1153 1497 Inde

324 1511 408 1556 115
475 1510 561 1555 868
626 1512 679 1555 18
743 1512 843 1556 Cos.
875 1513 925 1556 L.
949 1514 1163 1568 Vipstano
1195 1513 1412 1566 Messalla,
1443 1514 1497 1556 M.
1522 1513 1696 1557 Pedone
1718 1511 1993 1570 Vergiliano)
2024 1526 2125 1556 vere
2156 1526 2255 1569 pro-

775 1572 915 1615 fectus
947 1572 1294 1628 Euphratensem
1334 1573 1559 1628 regionem
1588 1574 1635 1616 in
1665 1575 1926 1629 potestatem
1958 1573 2139 1629 redigit,
2173 1572 2254 1615 Co-

778 1632 944 1684 shrois,
983 1633 1101 1688 regis
1133 1632 1412 1685 Parthorum,
1450 1631 1627 1676 fratrem
1666 1633 2020 1675 Parthamasirim
2051 1633 2257 1674 Armenia

778 1691 973 1746 expellit,
1006 1704 1186 1746 eamque
1216 1691 1486 1746 provinciam
1516 1692 1640 1735 Rom.
1671 1692 1875 1735 instituit.
1929 1691 2145 1747 Abgarus,
2177 1704 2256 1733 rex
2334 1700 2338 1702 ·

778 1749 1038 1803 Osrhoenos,
1071 1763 1118 1792 se
1151 1750 1391 1802 submittit,
1421 1751 1756 1806 Mesopotamia,
1796 1751 1940 1794 Nisibi
1971 1764 2022 1793 ac
2055 1750 2254 1806 Singaris

776 1809 956 1852 urbibus
988 1809 1265 1865 expugnatis,
1306 1810 1488 1865 capitur.
1559 1810 1773 1853 Traianus
1805 1812 1872 1852 ter
1903 1809 2006 1863 (vn,
2038 1819 2144 1862 vm,
2178 1808 2254 1862 lx)

774 1868 1047 1924 imperatoris
1079 1868 1254 1915 titulum
1285 1869 1431 1911 sumit.
1623 1914 1627 1918 ,

833 1927 1109 1971 Antiochiam
1148 1941 1249 1971 vere
1287 1928 1444 1984 ingens
1481 1930 1622 1970 terrae
1658 1929 1812 1971 motus.
1836 1940 1887 1970 ac
1918 1929 2056 1970 totam
2082 1927 2254 1983 Syriam

775 1989 930 2030 vastat.
983 1987 1195 2043 Ignatius,
1218 1988 1451 2044 episcopus
1478 1986 1767 2040 Christianus,
1789 1986 1995 2043 supplicii
2017 2000 2149 2030 causa
2168 1987 2254 2029 Ro-

775 2060 888 2089 mam
909 2047 1108 2091 mittitur.

326 2108 406 2152 116
470 2108 556 2152 869
622 2107 676 2150 19
739 2105 839 2149 COS.
857 2105 1067 2149 Aemilius
1077 2106 1300 2158 Aelianus,
1317 2104 1595 2149 L.Antistius
1605 2105 1778 2156 Vetus.)
1819 2105 1935 2148 Trai.
1952 2118 2053 2148 vere
2071 2105 2252 2161 Tigrim,

773 2168 904 2221 ponte
937 2165 1066 2218 facto,
1106 2165 1281 2217 traiicit,
1320 2167 1363 2207 et
1392 2164 1623 2220 Assyriam
1651 2165 1697 2208 in
1727 2167 1989 2220 potestatem
2018 2164 2180 2220 redigit
2210 2167 2253 2207 et

772 2225 964 2266 Parthici
999 2237 1158 2267 nomen
1197 2224 1394 2279 suscipit.
1463 2223 1570 2266 Inde
1603 2223 1848 2270 Seleuciam
1878 2237 2017 2279 usque
2049 2226 2093 2266 et
2127 2224 2253 2266 Ctesi-

766 2285 968 2338 phontem,
1002 2284 1167 2339 regiam
1187 2283 1444 2326 Parthorum
1465 2283 1628 2335 urbem,
1657 2282 1946 2339 progreditur,
1968 2283 2166 2326 hostibus
2187 2283 2252 2325 in-

772 2343 1046 2395 testinorum,
1078 2345 1126 2386 ut
1156 2342 1341 2395 videtur,
1372 2342 1583 2384 bellorum
1607 2354 1740 2384 causa
1769 2355 1942 2398 pugnae
1973 2342 2144 2398 copiam
2165 2354 2251 2384 non

772 2402 1046 2445 facientibus.
1110 2402 1260 2444 Iudaei
1289 2401 1464 2444 interim
1498 2400 1731 2456 Cyrenaici
1767 2403 1811 2443 et
1841 2400 2102 2457 Aegyptiaci
2134 2414 2253 2443 arma

773 2461 971 2516 capiunt,
1023 2474 1095 2513 ac,
1137 2461 1245 2504 duce
1285 2460 1459 2503 Andrea
1497 2463 1571 2503 aut
1608 2460 1750 2512 Luca,
1795 2461 1960 2503 saevire
2000 2463 2250 2516 coeperunt,

773 2533 876 2563 mox
908 2521 1119 2576 oppressi.
1183 2520 1299 2563 Trai.
1332 2520 1514 2562 navibus
1548 2519 1672 2575 Tigri
1702 2519 1901 2562 deductis
1924 2519 2145 2562 Oceanum
2176 2532 2250 2562 ex-

771 2580 932 2635 plorat,
989 2580 1068 2623 sed
1126 2579 1407 2623 rebellionem
1463 2579 1658 2635 gentium
1713 2579 1979 2622 devictarum
2025 2579 2250 2634 Babylone

770 2639 903 2682 audit.

319 2701 402 2744 117
466 2699 553 2742 870
613 2697 670 2741 20
733 2696 832 2741 Cos.
876 2698 1104 2750 Quinctius
1143 2697 1301 2754 Niger,
1348 2698 1588 2754 Vipstanus
1629 2667 1940 2753 Apronianus.)
2011 2697 2251 2739 Domantur

558 3141 561 3147 ’
620 3171 639 3213 1

772 2757 1014 2812 legatorum
1053 2758 1232 2800 virtute:
1283 2756 1444 2800 Lusius
1487 2757 1675 2800 Nisibim
1715 2758 1760 2799 et
1796 2756 2028 2808 Edessam,
2070 2756 2252 2797 Erucius

776 2817 924 2858 Clarus
955 2820 999 2859 et
1028 2817 1163 2859 Iulius
1182 2817 1419 2859 Alexander
1439 2816 1684 2859 Seleuciam
1717 2811 1894 2871 capiunt
1925 2817 1968 2857 et
1997 2815 2248 2857 incendunt.

772 2875 871 2931 Ipse
903 2876 1074 2918 Parthis
1109 2874 1390 2932 Ctesiphonte
1428 2888 1578 2932 regem
1616 2875 1691 2918 dat
1719 2875 2130 2932 Parthamaspaten‚
2172 2873 2250 2916 sed

771 2937 944 2990 gentem
985 2935 1216 2990 superbam
1255 2935 1309 2977 ad
1340 2935 1559 2978 Romanos
1599 2946 1741 2976 mores
1773 2933 2054 2976 transducere
2085 2933 2248 2988 nequit.

772 2994 923 3049 Itaque
960 3007 1058 3036 cum
1098 2994 1144 3035 in
1177 2994 1499 3050 oppugnatione
1529 2993 1691 3035 Hatrae
1733 2993 1852 3035 urbis
1883 2993 1928 3034 in
1959 2992 2155 3034 morbum
2184 2993 2248 3034 in-

774 3053 968 3105 cidisset,
999 3052 1266 3095 Hadrianum
1298 3053 1451 3108 Syriae
1483 3054 1527 3094 et
1557 3051 1769 3095 exercitui
1798 3050 2014 3107 praeficit:
2046 3051 2141 3106 ipse
2163 3050 2249 3093 Ro·

774 3126 886 3154 mam
917 3111 1057 3154 redire
1089 3124 1325 3168 properans
1349 3111 1576 3154 Selinunte
1609 3111 1702 3153 sive
1726 3110 2004 3165 Traianopoli
2023 3110 2069 3152 in
2092 3109 2247 3153 Cilicia

764 3171 949 3214 decedit.
994 3170 1369 3213 HADRIANUS
1387 3171 1616 3226 imperium
1645 3170 1838 3225 capessit
1857 3169 2113 3212 Antiochiae
2134 3168 2161 3212 3
2183 3168 2245 3210 Id.

771 3229 1016 3286 Augustas,
1049 3230 1152 3282 (sed
1190 3230 1464 3273 tribuniciam
1493 3231 1755 3285 potestatem
1786 3229 1944 3284 repetit
1975 3241 2000 3270 a
2033 3227 2122 3271 Cal.
2155 3227 2248 3271 Ian.

773 3290 952 3344 eiusque
984 3290 1228 3346 exemplum
1260 3289 1395 3332 ceteri
1422 3289 1525 3344 imp.
1549 3289 1689 3331 secuti
1710 3286 1837 3340 sunt)
1867 3288 2083 3330 incertum
2103 3289 2245 3329 utrum

774 3349 827 3398 ab
859 3351 1110 3403 aegrotante
1140 3349 1337 3405 principe
1360 3348 1604 3404 adoptatus,
1637 3361 1705 3400 an,
1738 3359 1790 3390 eo
1810 3347 1897 3390 iam
1917 3349 2101 3399 mortuo,
2131 3345 2246 3388 fictis

683 3411 686 3414 ’
777 3421 801 3449 a
848 3407 1021 3449 Plotina
1064 3408 1222 3451 litteris
1276 3408 1521 3463 adoptionis
1580 3406 1635 3449 ad
1679 3407 2003 3450 successionem
2050 3407 2244 3448 vocatus.

772 3466 899 3510 Pacis
930 3467 1180 3509 retinendae
1212 3467 1410 3523 cupidus,
1451 3478 1550 3510 cum
1579 3465 1740 3508 multae
1773 3467 1925 3521 gentes
1955 3464 2243 3514 turbarentur,

773 3525 1009 3581 provinciis
1040 3528 1160 3569 trans
1187 3526 1451 3582 Euphratem
1481 3525 1690 3568 decedere
1710 3525 1832 3568 iubet
1852 3523 2082 3575 exercitus,
2114 3521 2243 3564 etiam

772 3585 987 3628 Armeniis
1019 3597 1145 3628 suum
1173 3598 1323 3641 regem
1354 3584 1567 3628 concedit.
