2392 4016
330 152 389 199 50
1038 152 1255 204 Imperium
1288 152 1544 194 Graecorum·

1943 297 2069 330 a.Chr.
2108 299 2253 340 Olymp.

331 343 493 399 Captae
527 341 687 386 Cumae
718 355 743 385 a
774 342 1041 387 Samnitibus
1969 343 2058 387 420
2146 345 2204 388 90
2229 345 2250 386 1

328 402 517 457 Sybaris,
549 402 707 444 civium
728 402 1003 446 multitudine
1022 402 1224 458 insignis,
1257 402 1428 445 luxuria
1447 402 1636 455 infamis,
1658 402 1712 445 ab
1735 401 1918 444 Achaeis

388 460 564 502 condita
595 465 663 503 est
1970 460 2058 503 720
2152 461 2205 504 15
2232 462 2250 502 l

331 518 467 570 Quam
500 519 650 561 urbem
682 517 980 572 Crotoniatae,
1022 520 1134 562 victo
1185 520 1352 575 ingenti
1384 519 1681 575 Sybaritarum
1713 520 1921 571 exercitu,

389 576 598 619 excidunt
1967 575 2055 619 510
2145 577 2199 619 67
2223 576 2249 619 3

330 635 417 678 Sed
470 635 706 679 restituunt
749 635 929 678 eandem
976 634 1119 678 coloni
1161 634 1344 679 Athenis
1385 635 1558 679 deducti
1606 639 1650 679 et
1705 637 1925 693 appellant

392 694 586 735 Thur-ium
1964 694 2050 736 444
2142 692 2199 736 83
2224 693 2253 735 4

328 751 368 794 A
397 751 602 804 Lucanis,
634 751 932 795 infestissimis
964 753 1122 796 vicinis
1155 752 1323 796 deletur
1968 752 2056 796 390
2148 751 2203 795 97
2228 751 2254 794 3

331 809 512 853 Colonia
542 811 748 862 Romana,
780 813 882 866 post
910 811 1072 854 bellum
1104 812 1316 854 Punicum
1349 812 1542 864 secund„
1574 825 1626 855 eo
1657 812 1885 855 deducitur
1976 811 2059 854 194

335 869 481 910 Croton
513 870 565 911 ab
596 869 784 912 Achaeis
816 869 1016 912 conditur
1972 870 2060 913 710
2153 869 2204 911 17
2228 868 2254 911 3

387 927 487 968 inde
528 927 722 970 coloniae
763 927 1035 970 deducuntur
1072 929 1287 984 urbesque
1327 928 1570 1011 conduntur
1607 929 1747 983 Laus,
1789 931 1923 971 Meta-

382 994 561 1038 pontum,
592 986 817 1027 Posidonia
849 985 1120 1036 (Paestum).

291 1043 593 1098 ‘Pythayoras
627 1043 755 1086 Samo
787 1043 1032 1099 Polycratis
1071 1045 1344 1100 tyrannidem
1383 1007 1556 1102 fugiens
1590 1045 1821 1089 Crotonem
1854 1059 1924 1089 ve-

392 1102 511 1144 nisse
544 1101 728 1143 traditur
1974 1105 2059 1149 532
2152 1103 2207 1147 62
2234 1104 2253 1146 l

334 1159 568 1202 Crotonem
597 1159 749 1202 itidem
780 1159 952 1202 colonia
971 1159 1095 1202 Rom
1127 1163 1229 1216 post
1257 1162 1421 1204 bellum
1440 1161 1549 1204 Pun.
1573 1174 1659 1204 sec.
1683 1162 1923 1205 deducitur.

335 1219 561 1270 Tarentini,
595 1232 620 1259 a
650 1217 1006 1262 Lacedaemoniis
1038 1219 1214 1262 deducti
1975 1222 2061 1266 708
2155 1221 2210 1264 18
2234 1221 2254 1262 1

393 1290 418 1318 a
438 1277 668 1332 Messapiis
700 1277 870 1333 ingenti
891 1277 1012 1319 clade
1043 1277 1306 1334 affliguntur,
1339 1290 1479 1334 neque
1501 1281 1646 1321 tamen
1667 1279 1926 1335 subiguntur
1975 1280 2063 1323 473
2154 1279 2210 1322 76
2230 1280 2258 1321 4

391 1348 469 1391 pro
501 1335 589 1378 illis
635 1348 834 1391 pugnans
866 1335 1152 1380 Archidamus
1193 1336 1400 1380 adversus
1431 1337 1634 1380 Lucanos
1674 1337 1825 1380 eodem
1858 1337 1927 1380 die

335 1394 1386 1497 T22¹3&ss‘'1522321.„2³hsssssssffiffdilffzssffssfflss.
1976 1397 2063 1442 33⁸
2126 1395 2211 1439 ¹¹⁰
2232 1395 2273 1474 3>

334 1512 462 1553 Locri
490 1511 760 1567 Epizephyrii
795 1512 968 1554 colonia
997 1512 1234 1556 Locrorum
1274 1514 1366 1556 sive
1397 1512 1626 1556 Ozolarum
1667 1508 1740 1564 (ut
1771 1512 1926 1556 Strabo

390 1569 546 1620 tradit)
580 1570 673 1612 sive
705 1570 991 1626 Opuntiorum
1145 1589 1149 1593 -
1977 1572 2063 1616 683
2153 1571 2211 1614 24
2233 1570 2258 1612 2

334 1628 410 1670 Eis
442 1628 564 1684 leges
596 1629 827 1684 scripsisse
857 1632 1119 1672 memoratur
1148 1630 1375 1682 Zaleucus,
1414 1631 1531 1672 circa
1562 1643 1720 1672 annum
1978 1631 2064 1673 664
2155 1630 2210 1672 29
2234 1662 2244 1671 .

333 1686 550 1742 Rhegium
583 1700 607 1728 a
641 1686 999 1730 Chalcidensibus
1031 1689 1216 1743 primum
1249 1688 1471 1731 conditum
1975 1689 2062 1732 746
2184 1688 2211 1730 8
2233 1688 2260 1730 3

393 1747 567 1786 auctum
597 1748 752 1800 postea
783 1746 836 1788 ab
867 1745 1383 1797 Alcidamida·Messenio
1977 1747 2063 1790 724
2158 1747 2211 1788 14
2236 1747 2256 1788 1

334 1803 569 1845 Anaxilaus
607 1806 818 1858 tyrannus
860 1817 1003 1846 rerum
1041 1805 1103 1847 ibi
1140 1806 1304 1860 potitus
1341 1805 1525 1847 traditur
1556 1805 1609 1847 ab
1641 1818 1679 1847 a.
1710 1803 1812 1856 494,
1861 1803 1926 1846 01.

392 1861 492 1914 71,3
524 1874 619 1916 usq.
653 1862 720 1904 ad.
753 1875 791 1904 a.
822 1862 924 1914 476,
958 1862 1023 1906 Ol.
1057 1863 1172 1915 76,.1

333 1921 616 1963 Dicaearchia
648 1919 828 1976 (postea
857 1921 1041 1964 Puteoli
1061 1922 1174 1978 apud
1203 1921 1356 1973 Rom.)
1387 1914 1564 1964 condita
1593 1934 1620 1963 a
1650 1920 1831 1979 Samiis
1977 1921 2061 1966 521
2156 1921 2213 1964 64
2232 1920 2261 1963 4

334 2037 526 2079 Siciliam
556 2037 743 2079 insulam
773 2036 898 2079 initio
930 2037 1078 2080 Sicani
1108 2037 1296 2081 coluisse
1329 2037 1542 2080 dicuntur.

335 2096 557 2137 Phoenices
595 2096 642 2137 in
679 2096 805 2137 litore
845 2096 1104 2138 occidentali
1144 2097 1308 2152 aliquot
1337 2097 1466 2139 urbes
1499 2095 1807 2148 condiderunt,
1847 2094 1927 2136 Pa-

394 2166 605 2206 normum,
635 2154 841 2208 Motyam‚
873 2153 1124 2196 Soloentem
1155 2154 1444 2206 (Soluntem).

335 2212 476 2268 Prope
507 2225 615 2268 quos
646 2212 805 2264 Elymi,
845 2224 901 2254 ex
929 2213 1061 2255 variis
1094 2213 1321 2268 gentibus,
1365 2212 1581 2264 Troianis,
1620 2205 1925 2262 Phoenicibus,

397 2270 576 2313 Graecis
618 2270 916 2313 Phocensibus
956 2272 1200 2324 commixti,
1239 2271 1426 2327 Erycem
1465 2273 1511 2314 et
1548 2271 1778 2326 Segestam
1817 2267 1926 2321 (Ae-

396 2327 588 2385 gestam)
618 2329 905 2372 incoluerunt.

336 2388 484 2440 Siculi,
516 2400 571 2429 ex
602 2387 729 2430 Italia
757 2387 956 2443 profecti,
999 2387 1181 2431 Sicanos
1212 2388 1259 2430 in
1290 2387 1602 2430 occidentalem
1628 2386 1800 2429 insulae
1830 2399 1928 2441 par-

395 2448 484 2488 tem
513 2446 729 2498 reiiciunt,
759 2446 849 2501 ipsi
880 2448 1024 2488 cetera
1054 2449 1204 2488 tenent
1950 2447 2064 2492 1035

339 2504 428 2547 Sed
459 2516 576 2546 oram
606 2504 867 2546 maritimam
898 2505 1063 2560 aliquot
1094 2505 1254 2548 seculis
1286 2506 1388 2560 post
1420 2503 1590 2554 Graeci·
1609 2505 1846 2559 occupant:

338 2562 502 2615 Naxus,
533 2563 833 2606 vetustissima
865 2562 1129 2606 Graecarum
1161 2563 1428 2606 coloniarum
1457 2564 1504 2606 in
1536 2563 1703 2616 Sicilia,
1744 2575 1771 2604 a
1802 2560 1928 2604 Chal-

332 2642 336 2645 -
398 2621 648 2664 citiensibus
681 2621 856 2663 condita
1976 2622 2063 2667 735
2155 2621 2258 2665 11'2

338 2679 444 2722 Inde
475 2680 668 2721 Leontini
698 2682 742 2722 et
776 2679 936 2721 catana
967 2680 1162 2722 coloniae
1977 2682 2065 2726 730
2156 2681 2210 2724 12
2232 2680 2259 2724 3

342 2737 673 2789 Catanensibus,
704 2738 872 2780 civibus
905 2739 1011 2790 suis,
1042 2738 1164 2806 leges
1197 2738 1374 2794 scripsit
1398 2738 1639 2781 Charondae
1669 2737 1774 2789 (non
1793 2735 1927 2781 multo

397 2798 500 2851 post
538 2795 796 2846 Zaleucum)
833 2798 1011 2851 propter
1053 2797 1161 2840 iuris
1205 2798 1492 2840 subtilitatem
1537 2811 1563 2840 a
1598 2796 1746 2839 multis
1777 2797 1931 2851 postea

402 2854 652 2897 civitatibus
685 2854 844 2896 ascitas
1963 2855 2086 2910 (660)
2155 2856 2261 2899 30..

340 2912 573 2967 Syracusae
604 2912 802 2954 conditae
834 2925 859 2954 a
890 2910 1139 2965 Corinthus,
1176 2912 1285 2956 duce
1315 2911 1476 2956 Archia
1704 2921 1706 2923 ’
1977 2915 2065 2959 734
2157 2915 2209 2957 11
2234 2913 2261 2957 3

399 2969 439 3012 A
461 2970 748 3026 Syracusanis
782 2970 906 3013 cond.
938 2971 1087 3024 Acrae,
1125 2945 1356 3024 Camenae,
1393 2972 1615 3014 Camarina
1645 2969 1791 3025 (atque
1820 2969 1928 3013 haec

400 3029 573 3084 quidem
604 3031 705 3084 post
736 3028 830 3072 135
852 3027 1027 3082 annos).

341 3086 523 3142 Meqara
552 3086 750 3142 Hyblaea
781 3100 806 3129 a
834 3087 1161 3143 Megarensibus
1193 3087 1369 3131 condita
1979 3089 2065 3133 728
2158 3089 2213 3133 13
2237 3089 2259 3132 1

399 3145 500 3188 inde
532 3149 703 3188 centum
734 3146 823 3188 fere
854 3147 979 3189 annis
1009 3149 1110 3201 post
1141 3146 1307 3188 Selinus
1978 3147 2065 3191 628
2155 3147 2213 3192 38
2237 3149 2258 3190 1

347 3203 490 3246 Gelam
522 3204 734 3247 coloniam
766 3204 986 3247 deducunt
1016 3204 1172 3246 Rhodii
1202 3204 1378 3255 (Herod.
1408 3203 1449 3257 7,
1484 3203 1586 3257 153)
1619 3206 1663 3246 et
1694 3202 1925 3246 Cretenses
1978 3205 2064 3250 688
2155 3205 2212 3249 23
2236 3206 2258 3248 1

400 3262 500 3305 hinc
532 3262 818 3318 Agrigentum
851 3261 966 3312 (sive
997 3262 1217 3318 Acragas)
1251 3263 1473 3305 conditum
1979 3264 2066 3308 582
2155 3265 2212 3308 49
2234 3264 2262 3307 3

342 3320 588 3372 Panaetius,
620 3321 930 3372 Leontinorum
959 3323 1184 3374 tyrannus,
1216 3322 1381 3377 primus
1414 3321 1589 3363 omnino
1619 3321 1664 3362 in
1698 3320 1850 3363 Sicilia
1979 3323 2065 3366 608
2154 3322 2212 3365 43
2237 3323 2258 3364 1

343 3378 541 3420 Phalaris
570 3378 842 3433 tyrannidem
873 3378 1103 3433 Agrigenti
1134 3382 1320 3435 occupat
1978 3380 2064 3424 565
2156 3381 2212 3424 53
2233 3381 2262 3422 4

403 3448 531 3490 quam
562 3449 659 3479 cum
694 3437 746 3478 16
779 3449 914 3478 annos
945 3437 1159 3480 tenuisset
1187 3438 1352 3515 impetu
1381 3438 1531 3494 populi
1562 3436 1774 3482 occiditur
1978 3438 2067 3482 550
2156 3438 2212 3482 57
2234 3439 2262 3482 3

343 3493 618 3538 Stesichorus
649 3495 903 3538 Himeraeus
933 3495 1115 3538 moritur
1831 3501 1835 3506 ’
1978 3497 2065 3541 553
2156 3497 2213 3540 56
2233 3498 2262 3539 4
