2392 4016
6 2419 22 2516 ‚ro-nr
6 2396 8 2398 ⁴
6 2328 13 2365 2-
8 2303 10 2305 -

8 2901 20 2986 νη.»
5 2689 25 2882 »ςᾞ-ι-Ἁν
20 2655 22 2663 v
19 2610 25 2629 Ι,

7 3441 31 3636 „trs-:W
7 3385 23 3429 θ’·
8 3347 13 3356 ‘
16 3297 18 3304 -

753 192 900 234 Graeci
928 203 1059 243 nsque
1089 192 1142 232 sd
1171 204 1265 233 ann.
1289 194 1374 234 846
1404 207 1442 234 a.
1459 193 1552 234 Chr.

187 384 340 441 Neque
369 388 525 443 postea
551 383 653 429 Ath.
683 383 902 430 feliciores
933 386 1056 437 sunt,
1093 382 1447 430 discordantibus
1479 395 1627 429 eorum
1658 398 1781 443 prae-

245 444 413 488 toribus
446 443 644 498 Charete,
675 443 944 496 Menestheo,
976 442 1207 500 Iphicrate,
1238 442 1483 487 Timotheo.

154 500 158 519 ¹
187 502 367 546 Interim
404 503 632 560 Philippus
670 503 855 560 primum
894 501 1056 546 bellum
1101 514 1203 546 cum
1240 501 1582 546 Atheniensibus
1622 515 1778 559 gerens

246 561 517 614 (357-346)
538 561 832 618 Amphipolim
863 564 907 605 et
927 560 1125 618 Pydnam
1156 561 1255 614 sibi,
1287 560 1539 604 Potidaeam
1561 560 1779 617 Olynthiis

245 623 484 678 expugnat,
506 632 591 676 quo
612 620 710 677 ipso
731 622 926 677 tempore
947 621 1187 663 Alexander
1205 619 1271 663 illi
1292 618 1409 663 filius
1431 632 1486 663 ex
1508 618 1780 676 Olympiade,

243 678 682 788 regisbgiolossorum
711 677 757 732 f.‚
788 678 936 723 Pellae
966 679 1175 732 nascitur,
1206 691 1357 723 mense
1388 677 1618 722 Boedrom.
1681 677 1781 731 (Se-

272 739 359 781 tem
393 769 402 780 .

181 750 282 839 Atii.
323 809 476 907 pz3cem
511 795 680 841 faciunt
719 808 819 840 cum
851 794 984 839 sociis
1023 794 1127 838 olim
1166 795 1259 839 suis
1292 795 1524 847 (Isocratis
1555 797 1694 839 oratio
1725 796 1779 840 de

241 867 350 911 pace

183 912 437 957 Timotheus
469 915 514 957 et
533 912 773 970 Iphicrates
803 913 965 957 iniuste
997 915 1260 957 accusantur
1288 910 1488 966 Athenis,
1523 913 1778 958 Timotheus

240 972 372 1015 etiam
401 972 608 1016 multatus
639 973 686 1015 in
716 972 896 1016 exilium
925 973 973 1016 it.
1019 973 1311 1016 Demosthenes
1339 973 1386 1016 in
1405 972 1555 1029 populi
1575 974 1779 1018 contione

240 1032 458 1075 orationes
489 1031 648 1075 habere
679 1031 824 1088 coepit

180 1089 572 1145 ΡΗΟΟΕΝΒΕΒῘ,
623 1091 862 1134 Philomelo
901 1090 1033 1143 duce,
1083 1091 1136 1134 ab
1174 1089 1568 1146 Amphictyonibus
1607 1090 1779 1134 multati

238 1149 561 1194 stimulantibus
591 1149 951 1195 Lacedaemoniis
983 1161 1219 1205 eorumque
1249 1162 1353 1206 rege
1384 1149 1646 1193 Archidamo
1660 1182 1671 1203 ,
1717 1150 1778 1193 fa-

215 1224 218 1228 ’
243 1209 446 1253 ventibus
486 1209 616 1252 etiam
646 1204 1014 1262 Atheniensibus)
1051 1209 1203 1265 templi
1233 1208 1436 1265 Delphici
1465 1221 1613 1251 curam
1644 1208 1699 1252 ad
1730 1222 1777 1253 se

237 1267 427 1321 trahunt,
458 1267 737 1324 Delphosque
768 1268 899 1311 armis
931 1267 1129 1310 obtinent

133 1343 140 1360 ι
181 1325 349 1368 Bellum
379 1342 538 1369 sacrum
566 1327 799 1383 praecipue
831 1340 857 1369 a
878 1326 1098 1370 Thebanis
1129 1329 1174 1369 et
1193 1325 1487 1370 Locrensibus
1519 1329 1671 1370 contra
1700 1338 1777 1370 eos

240 1385 335 1441 geri
366 1389 582 1442 coeptum,
620 1386 804 1429 ducibus
836 1385 1127 1428 Phocensium
1158 1385 1365 1441 deinceps
1397 1385 1636 1437 Philomela,
1672 1386 1778 1428 Ono·

238 1445 415 1496 marcho,
446 1444 637 1500 Pkayllo,
668 1444 888 1496 fratribus,
921 1446 966 1486 et
997 1444 1259 1488 Onomarchi
1289 1443 1380 1487 filio
1411 1443 1635 1489 Phalaeco.

136 1493 138 1497 ’
178 1501 467 1556 Philomelus,
508 1515 633 1546 sacra
662 1503 848 1559 pecunia
878 1515 1007 1555 usus,
1047 1502 1275 1546 conductis
1311 1503 1676 1546 mercenariorum
1706 1515 1778 1547 co·

237 1561 366 1618 piis,
388 1573 487 1605 cum
517 1561 812 1606 Locrensibus
854 1563 899 1604 et
929 1560 1154 1606 Thessalis
1192 1561 1380 1605 feliciter
1416 1565 1604 1619 pugnat,
1642 1562 1722 1606 sed
1752 1576 1778 1605 a

239 1617 458 1664 Thebanis
491 1620 688 1664 caeditur
718 1623 762 1664 et
792 1619 1006 1664 occiditur

176 1678 359 1723 Moritur
390 1679 644 1723 Timotheus
677 1678 884 1723 Chalcide
916 1679 1155 1735 eodemque
1186 1678 1275 1722 fere
1305 1682 1501 1736 tempore
1532 1679 1773 1736 Iphicrates

178 1737 476 1782 Onomarchus
507 1738 803 1795 impudentius
833 1739 1085 1781 thesaurum
1117 1738 1188 1781 dei
1218 1751 1456 1795 aggressus
1485 1739 1655 1782 vicinos
1678 1753 1774 1796 pre-

164 1800 174 1874 }
234 1797 327 1840 mit.
390 1797 594 1841 Thessali
623 1797 872 1854 Philippum
903 1797 1130 1851 advocant,
1169 1797 1259 1853 qui,
1298 1797 1443 1841 diruta
1469 1798 1657 1854 primum
1686 1798 1774 1841 Me-

165 1877 171 1902 ι
233 1855 379 1910 thone,
413 1856 466 1899 ab
499 1856 769 1900 Onomarcho
802 1859 1032 1912 superatur
1688 1869 1699 1878 ·

177 1913 267 1958 Sed
296 1916 641 1959 novoexercitu
671 1918 824 1960 coacto
850 1914 1168 1958 Onomarchum
1200 1914 1356 1967 caedit,
1387 1917 1598 1970 tyrannos
1621 1915 1772 1958 Pheris

235 1973 368 2026 eiicit‚
398 1973 593 2030 Pagasas
614 1975 745 2030 capit,
778 1987 876 2018 cum
897 1986 976 2029 per
998 1973 1314 2030 Thermopylas
1335 1974 1573 2030 irrumpere
1594 1975 1639 2017 in
1662 1974 1773 2017 Pho-

235 2031 377 2075 cidem
393 2036 636 2086 conaretur,
657 2033 711 2076 ab
728 2033 884 2076 Athen.
902 2032 1168 2088 prohibetur.
1200 2033 1313 2076 Tum
1328 2033 1374 2075 in
1393 2032 1580 2076 Thracia
1594 2036 1772 2090 pugnat.

175 2090 480 2135 Demosthenis
511 2092 652 2148 prima
681 2093 820 2136 oratio
850 2091 1096 2147 Philippica

175 2149 354 2193 Interim
384 2150 429 2192 in
459 2149 762 2207 Peloponneso
793 2150 955 2194 bellum
987 2151 1152 2207 geritur
1181 2150 1296 2194 inter
1325 2149 1697 2194 Lacedaemonios
1728 2153 1774 2193 et

232 2208 578 2265 Megalopolim,
620 2212 664 2252 et
693 2213 974 2265 utrorumque
1005 2209 1150 2252 socios
1181 2209 1432 2252 Phocenses
1464 2211 1509 2251 et
1541 2208 1773 2253 Thebanos

172 2265 408 2378 Maiusoluffi
434 2266 597 2371 Oiai-{a}
606 2268 803 2378 regulus,
834 2269 1029 2321 moritur,
1052 2268 1125 2311 cui
1146 2268 1388 2324 supervivit
1406 2267 1643 2312 Artemisia
1664 2280 1774 2311 uxor

255 2338 392 2382 usque
424 2339 450 2368 a
539 2327 568 2370 4
652 2337 656 2341 ’

173 2383 371 2428 Thebani
409 2385 612 2430 exhausti
649 2385 766 2429 bello
797 2385 1035 2439 Phocensi,
1078 2385 1252 2429 amissis
1290 2385 1376 2428 iam
1417 2384 1689 2429 Orchomeno
1729 2388 1773 2429 et

231 2441 441 2497 Coronea,
474 2457 500 2487 a
528 2457 633 2501 rege
664 2445 896 2502 Persarum
926 2445 1112 2501 pecunia
1144 2444 1427 2488 sublevantur

171 2501 374 2546 Euboeae
403 2503 534 2548 rebus
565 2506 611 2551 et
639 2502 932 2547 Athenienses
963 2506 1009 2547 et
1039 2503 1268 2559 Philippus
1300 2503 1613 2549 immiscentur.

170 2560 364 2605 Phocion
397 2574 501 2606 suos
533 2563 759 2606 obsidione
791 2563 948 2606 liberat
979 2562 1094 2619 apud
1125 2563 1345 2617 Tamynas

173 2619 383 2676 Olynthii,
406 2634 431 2663 a
452 2621 653 2679 Philippo
676 2622 930 2678 oppugnati,
951 2620 1285 2664 Atheniensium
1308 2620 1519 2663 auxilium
1539 2619 1772 2676 implorant

231 2679 561 2731 (Demosthenis
594 2682 734 2736 prima
764 2684 810 2724 et
839 2681 975 2723 altera
1006 2680 1144 2723 oratio
1177 2678 1466 2735 Olynthiaca.)

173 2736 377 2790 Quamvis
417 2740 546 2783 tertia
583 2740 777 2782 oratione
816 2739 1132 2782 Demosthenes
1175 2738 1426 2781 adhortetur
1465 2736 1770 2790 Athenienses,

131 2820 139 2825 ι
230 2797 459 2854 Philippus
492 2797 620 2842 urbes
653 2797 928 2842 Chalcidicos
970 2798 1090 2855 capit
1121 2810 1201 2841 nec
1234 2796 1399 2840 Chares
1431 2796 1621 2854 Olyntho
1652 2796 1770 2840 labo-

228 2857 345 2900 ranti
377 2868 401 2899 0
435 2869 503 2899 em
533 2855 618 2900 fert

170 2913 279 2958 Eam
311 2869 460 2958 urbepm
491 2914 740 2973 Philippus,
773 2914 876 2958 dum
907 2914 1197 2959 Athenienses
1228 2913 1392 2957 viribus
1423 2917 1632 2971 parcunt,
1671 2926 1769 2971 pro-

229 2974 393 3018 ditione
434 2977 605 3030 captam
645 2973 843 3018 funditus
883 2974 1064 3027 evertit,
1104 2972 1386 3018 Chalcidicen
1414 2986 1551 3030 regno
1583 2985 1663 3017 suo
1696 2973 1769 3017 ad-

231 3033 374 3089 iungit

171 3091 297 3134 Plato
329 3092 510 3134 mortem
540 3090 644 3144 obit,
675 3090 854 3150 impleto
885 3089 956 3135 81.
989 3092 1104 3135 vitae
1135 3104 1262 3135 anno.
1311 3091 1556 3135 Aristoteles
1585 3090 1640 3134 ad
1661 3090 1769 3135 Her-

231 3150 359 3192 miam
390 3149 577 3193 Atarnes
608 3151 840 3205 tyrannum
872 3162 920 3194 se
951 3149 1120 3194 confert

172 3206 330 3264 Legati
359 3207 460 3251 Ath.
495 3207 550 3251 ad
579 3207 826 3266 Philippum
867 3209 920 3252 de
951 3222 1059 3265 pace
1089 3209 1320 3252 mittuntur
1351 3207 1488 3260 (inter
1519 3220 1594 3251 eos
1626 3209 1768 3251 Pmo-

225 3275 377 3320 'cratee,
415 3265 666 3322 Ctesiphon,
697 3266 1012 3320 Aristodemus,
1043 3267 1300 3320 Aeschines,
1323 3266 1671 3320 Demosthenes),
1703 3280 1767 3310 re-

230 3325 363 3368 mittit
385 3324 610 3381 Philippus
630 3325 921 3382 Antipatrum,
951 3326 1293 3379 Parmenionem,
1325 3325 1631 3383 Eurylochum.
1675 3326 1767 3369 Pax

232 3384 480 3427 decernitur
514 3384 582 3428 19.
614 3382 821 3441 Elapheb.
853 3384 941 3436 (16.
964 3384 1085 3441 Apr.)

231 3441 370 3496 Quam
400 3443 652 3499 priusquam
694 3443 808 3487 iuret
835 3443 1062 3500 Philippus
1095 3442 1422 3500 Cersobleptem
1454 3443 1664 3488 Thraciae
1700 3456 1765 3486 re-

230 3502 380 3559 gulum
411 3501 609 3556 destruit,
641 3502 687 3546 in
717 3514 826 3559 pace
854 3502 1103 3547 Phocenses
1134 3502 1312 3560 excipit.

2059 194 2114 239 31

1801 340 1926 375 mehr.
1969 340 2118 384 olymp.

1831 503 1919 548 356

1831 736 1917 783 356

1828 854 1917 900 355

1829 1031 1917 1076 354

1828 1266 1916 1311 355

1828 1325 1916 1371 355

1828 1619 1916 1665 354

1825 1679 1914 1724 354

1822 1856 1910 1901 353

1823 2032 1910 2077 352

1823 2091 1907 2136 351

1822 2209 1907 2254 351

1823 2327 1907 2372 351

1821 2444 1903 2489 351

1820 2560 1910 2606 350

1821 2620 1908 2665 349

1820 2855 1909 2900 348

1819 3033 1907 3077 348

1818 3150 1904 3194 347

1817 3384 1904 3430 346

1976 1856 2059 1901 106
2081 1857 2110 1900 4

1976 2032 2059 2076 106
2079 2033 2108 2076 4

1976 2092 2057 2136 107
2084 2093 2105 2134 1

1977 2209 2058 2253 107
2085 2210 2104 2251 1

1975 2326 2058 2370 107
2080 2326 2107 2368 2

1973 2855 2055 2900 107
2076 2857 2105 2899 4

1971 3033 2098 3077 1031

1971 3149 2098 3195 1081

1970 3386 2100 3431 1082
