2392 4016
586 149 638 192 ab
670 164 778 192 auno
808 164 844 191 a.
869 147 964 191 Clu·-
999 148 1053 191 w
1086 161 1215 201 usque
1245 150 1297 190 ad
1328 162 1480 191 aunum
1512 150 1582 191 ⁷0.
1969 146 2054 194 118

117 308 150 335 ι.
165 299 250 333 Chr.
324 308 361 334 u.
377 307 411 333 ο.

512 343 630 387 terra
650 340 830 395 ¹fundit,
872 342 982 385 mari
1019 341 1164 386 classe
1202 341 1344 386 exuit:
1386 343 1479 385 tum
1518 340 1593 384 ille
1634 340 1865 398 Cyzicum,
1903 341 2054 386 urbem

510 401 718 447 Romanis
751 401 930 454 sociam,
962 402 1201 459 oppugnat,
1238 400 1335 457 ipse
1366 399 1592 444 obsidetur
1621 414 1647 443 a
1678 401 1875 444 Lucullo.

505 475 510 486 ·
568 459 770 504 Metellus
802 462 847 503 et
875 460 1134 517 Pompeius,
1174 470 1322 503 rerum
1355 459 1548 503 omnium
1578 460 1728 516 iuopia
1758 460 1923 514 coacti,
1964 462 2057 503 tota

506 519 598 564 fere
628 518 844 575 Hispania
874 518 1070 563 Sertorio
1101 517 1276 562 cedunt.

566 577 622 620 Η.
654 577 862 631 Antonio,
902 578 1086 622 oratoris
1118 576 1224 630 filio,
1261 575 1413 621 111viri
1442 576 1572 633 patri,
1603 588 1659 619 ex
1689 580 1890 632 praetura
1920 578 2053 634 impe·

506 637 620 740 riiutm
654 637 918 680 maritimum
956 636 1168 680 adversus
1205 635 1448 693 praedones
1486 635 1699 680 latissime
1740 640 1896 691 patens
1937 649 2053 679 man-

420 715 422 719 >
499 711 501 717 ·
538 709 566 739 a
585 707 649 739 ur.

173 755 231 801 73
311 755 394 801 681
458 754 560 799 Cos.
596 754 657 798 M.
696 754 908 798 Terentius
930 753 1064 796 Varro
1094 751 1480 805 Luculhu'ffmter
1510 764 1743 809 germanus
1775 752 1824 796 L.
1849 753 2052 806 Luculli),

514 814 559 857 C.
604 814 772 856 Cassius
802 814 949 856 Varus.
1013 812 1132 856 Trib.
1164 812 1223 869 pl.
1255 812 1311 855 Μ.
1343 811 1577 862 Licinius.)
1638 811 1706 854 Ad
1738 811 1945 868 Cyzicum
1978 813 2053 855 Mi-

508 872 722 916 thridates
763 872 961 915 exercitu
999 874 1093 915 toto
1129 872 1244 915 fame
1279 871 1446 925 deleto,
1484 870 1659 915 tandem
1691 870 1838 928 fugam
1870 872 2052 916 navibus

507 932 640 1035 ῑὲοᾶῒ,
657 931 867 1033 iclassem
906 933 1132 987 praeterea
1162 934 1423 987 tempestate
1462 930 1623 974 amittit
1660 930 1775 987 apud
1806 931 1979 974 Parium
2010 935 2054 974 et

555 1003 653 1035 erac
674 1003 783 1034 eam.

567 1049 627 1094 74
671 1048 936 1107 gladiatores
974 1061 998 1091 e
1036 1047 1139 1092 ludo
1171 1047 1392 1105 Campano
1428 1047 1664 1104 effugiunt,
1703 1047 1887 1092 ducibus
1920 1047 2053 1092 Crixo

509 1111 555 1152 et
585 1109 806 1153 Oenomao
830 1107 985 1161 Gallis,
1016 1107 1226 1163 Spartaco
1249 1107 1432 1159 Thrace,
1463 1119 1567 1150 mox
1597 1106 1788 1151 effractis
1819 1108 2052 1165 ergastulis

508 1168 731 1225 ingentem
781 1168 1003 1211 hominum
1041 1166 1362 1210 multitudinem
1403 1166 1636 1223 colligunt,
1686 1166 1915 1210 Claudium
1954 1167 2054 1210 Pul-

508 1227 674 1280 chrum,
707 1225 756 1270 C.
780 1225 925 1270 Cassii
956 1238 1063 1280 cos„
1095 1226 1167 1270 cui
1199 1225 1328 1269 Italia
1347 1238 1468 1282 prov.
1490 1229 1710 1278 evenerat,
1742 1226 1932 1282 legatum
1956 1238 2053 1282 pro-

493 1285 676 1344 fligant.
748 1285 941 1338 (Bellum
970 1285 1236 1340 Spartacium
1267 1287 1352 1328 eive
1382 1286 1540 1327 servile.
1542 1284 1568 1335 )
1637 1284 1744 1327 Eam
1782 1286 1837 1328 ob
1876 1298 2052 1328 causam

511 1345 642 1389 etiam
680 1344 736 1387 M.
777 1344 1012 1398 Lucullus,
1061 1345 1259 1400 quamvis
1297 1343 1595 1387 Macedoniam
1636 1347 1754 1387 sorte
1793 1345 2054 1399 accepisset,

509 1417 609 1448 cum
639 1404 834 1447 exercitu
865 1403 1036 1446 Italiam
1066 1406 1225 1446 tuetur.

570 1461 619 1507 C.
641 1462 802 1506 Verres
833 1467 912 1518 per
942 1473 1079 1505 annos
1112 1461 1184 1515 73,
1216 1461 1288 1514 72,
1321 1460 1375 1503 71
1409 1472 1555 1517 propr.
1590 1460 1787 1504 Siciliam
1819 1467 1963 1505 vexat.

171 1522 230 1566 72
309 1522 395 1568 682
458 1521 560 1566 Cos.
590 1521 646 1564 L.
682 1520 851 1566 Gellius,
871 1521 1103 1576 Poplicola,
1139 1521 1210 1563 Cn.
1249 1520 1406 1563 Cornel.
1439 1520 1640 1563 Lentulus
1674 1520 1860 1563 Clodian.
1909 1521 2051 1564 Praet.

509 1579 560 1633 Q.
590 1580 877 1632 Hortensius,
916 1580 1017 1623 trib.
1048 1579 1108 1635 pl.
1139 1579 1195 1622 M.
1227 1579 1497 1631 Palicanus.)
1565 1578 1707 1623 Ambo
1748 1592 1838 1622 cos.
1871 1593 1968 1623 cum
2003 1579 2051 1623 C.

511 1639 666 1683 Cassio
697 1651 817 1696 proc.
849 1639 990 1682 tribus
1021 1639 1288 1682 exercitibus
1319 1638 1484 1681 ltaliam
1515 1640 1704 1682 tuentur.
1760 1638 1929 1683 Gellius
1962 1651 2052 1683 cos.

508 1697 688 1742 Crixum
709 1702 754 1742 et
771 1698 980 1755 fugitivos
1004 1697 1245 1742 Germanos
1268 1697 1424 1750 caedit,
1457 1697 1694 1754 Spartacus
1718 1702 1869 1741 contra
1892 1702 2053 1741 utrum-

506 1770 590 1814 que
631 1758 854 1801 consulem
893 1756 1119 1814 profligat,
1159 1760 1204 1809 et
1236 1756 1284 1800 C.
1319 1756 1522 1800 Cassium
1554 1764 1726 1813 procos.
1759 1757 1815 1800 ad
1837 1758 2053 1807 Mutinam

505 1818 553 1860 in
588 1817 737 1874 fugam
779 1817 1025 1874 compellit:
1071 1819 1218 1860 tamen
1264 1818 1381 1859 retro
1422 1816 1555 1859 vertit
1590 1817 1675 1859 iter
1713 1816 1769 1859 ad
1805 1816 2055 1860 inferiorem

507 1876 692 1919 Italiam.

566 1935 619 1978 In
649 1935 776 1991 Hisp.
814 1934 864 1983 Q.
897 1934 1110 1977 Sertorius
1148 1946 1174 1977 a
1205 1933 1445 1978 coniuratis
1476 1933 1684 1977 Romanis
1716 1934 1927 1978 militibus
1961 1935 2052 1978 suis

507 1993 648 2038 Oscae
678 1995 927 2047 interficitur
956 1996 1111 2036 octavo
1144 1993 1328 2036 ducatus
1358 2005 1494 2046 anuo,
1537 1993 1662 2036 cuius
1693 1994 1921 2049 imperium
1955 2008 2053 2037 cum

509 2053 666 2156 cuAEide
697 2053 754 2096 Μ.
770 2053 994 2110 Perperna
1024 2052 1296 2109 arripuisset,
1329 2066 1356 2095 a
1386 2052 1466 2096 Cn.
1500 2052 1651 2108 Pomp.
1684 2054 1873 2096 vincitur
1905 2058 1949 2096 et
1980 2066 2051 2096 oc·

508 2113 550 2155 ci
585 2113 679 2156 ‘tun

567 2171 619 2215 In
647 2169 756 2215 Asia
775 2170 987 2214 Lucullus
1008 2170 1197 2214 Pontum
1227 2170 1343 2217 bello
1375 2170 1529 2227 aperit,
1560 2170 1658 2226 ipse
1679 2169 1892 2222 Amisum,
1925 2169 2055 2214 Cotta

507 2231 764 2274 Heracleam
805 2232 1043 2286 oppugnat.
1119 2229 1188 2273 Ex
1225 2229 1483 2273 Macedonia
1521 2242 1559 2272 a.
1599 2230 1778 2273 ineunte
1816 2230 2055 2286 triumphat

508 2289 557 2334 C.
590 2289 862 2334 Scribonius.

144 2348 146 2350 ’
170 2349 223 2393 71
243 2373 245 2378 .
309 2348 406 2394 683
457 2347 558 2393 Cos.
581 2349 651 2392 C‘n.
669 2349 866 2402 Aufidius
886 2348 1063 2401 Orestes,
1094 2347 1145 2390 P.
1170 2347 1380 2391 Cornelius
1392 2347 1594 2390 Lentulus
1609 2347 1755 2398 Sura.)
1794 2347 1849 2390 M.
1868 2347 2055 2391 Crassus

272 2438 274 2441 »
507 2411 682 2465 praetor
725 2408 935 2464 fugitivos
979 2408 1027 2450 iu
1072 2407 1306 2463 peninsula
1347 2407 1645 2464 Rheginorum
1688 2408 1829 2451 victos
1869 2407 2055 2459 obsidet,

507 2468 745 2525 Spartacus
765 2468 811 2510 vi
832 2467 1032 2523 erumpit,
1066 2466 1146 2509 sed
1181 2477 1283 2509 mox
1305 2479 1402 2509 cum
1426 2467 1584 2509 ceteris
1607 2466 1816 2520 caeditur,
1848 2466 2053 2522 reliquias

506 2527 613 2571 bell-i
642 2527 792 2582 Pomp.
827 2539 884 2568 ex
913 2525 1038 2583 Hisp.
1070 2524 1246 2568 rediens
1277 2525 1449 2581 excipit
1477 2537 1527 2568 ac
1560 2524 1690 2568 delet.

564 2585 621 2629 M.
654 2585 886 2637 Antonius,
916 2584 1100 2641 imperio
1131 2584 1347 2627 maritimo
1379 2583 1435 2627 ad
1456 2583 1680 2628 vexandos
1705 2584 1849 2627 socios
1873 2583 2054 2635 abusus,

508 2645 651 2688 victus
691 2656 728 2687 a·
748 2643 1031 2687 Cretensibus
1073 2643 1267 2686 moritur.
1337 2642 1388 2687 L.
1421 2642 1632 2687 Lucullus
1673 2644 1718 2685 in
1761 2641 2052 2699 Cappadocia,

506 2703 662 2747 relicto
701 2702 758 2746 ad
775 2702 985 2746 *Amisum
1016 2701 1066 2745 L.
1098 2702 1278 2745 Murena
1319 2701 1487 2758 legato,
1527 2701 1604 2754 diu
1634 2702 1731 2746 adv.
1762 2701 2054 2746 Mithridatem

507 2775 660 2820 parum
689 2773 898 2818 prospere
927 2764 1108 2818 pugnat,
1146 2760 1321 2804 tandem
1352 2761 1399 2804 in
1429 2760 1578 2818 fugam
1610 2773 1708 2804 eum
1742 2761 1934 2805 coniicit.

569 2821 857 2877 Triumphant
895 2820 1058 2863 Romae
1099 2819 1148 2872 Q.
1180 2819 1381 2864 Metellus
1421 2823 1467 2864 et
1498 2819 1577 2864 Cn.
1609 2820 1844 2877 Pompeius
1885 2833 1940 2863 ex
1979 2820 2055 2863 Hi-

510 2880 684 2937 spania3
723 2891 858 2923 ovans
890 2879 934 2922 iu
966 2878 1116 2922 urbem
1156 2878 1269 2924 redit
1297 2879 1354 2923 M.
1387 2878 1589 2924 Crassus.
1653 2879 1838 2923 Galliam
1871 2879 2055 2922 transal-

509 2939 657 2995 pinam
687 2938 803 2995 regit
831 2938 887 2981 M.
918 2938 1144 2982 Fonteius.

174 3000 232 3045 70
314 2998 401 3044 684
462 2996 564 3041 008.
595 2997 660 3042 M.
691 2997 881 3041 Licinius
916 2997 1109 3051 Crassus,
1161 2997 1231 3040 Cu.
1264 2997 1482 3052 Pompeius
1519 2997 1706 3052 Maqnus
1747 2996 1945 3054 (legibus
1987 3009 2054 3039 so—

513 3055 653 3111 lutus)
671 3056 947 3101 tribuniciam
965 3059 1228 3114 potestatem
1257 3057 1507 3108 restituunt,
1537 3056 1642 3099 item
1673 3069 1916 3108 censuram,
1947 3068 2054 3112 quas

510 3114 697 3160 dictator
733 3115 859 3160 Sulla
897 3116 1147 3160 sustulerat.
1230 3116 1407 3158 Aurelia
1457 3115 1545 3170 leqe
1584 3115 1667 3167 (L.
1706 3117 1871 3158 Aurelii
1913 3116 2056 3158 Cottae

322 3177 376 3215 87
513 3173 748 3231 praetoris)
778 3177 974 3219 extremo
1005 3187 1119 3218 auno
1148 3174 1312 3218 iudicia
1340 3174 1512 3219 senatui
1541 3174 1760 3230 equitibus
1782 3175 2054 3230 tribunisque

301 3233 387 3273 Oic-
516 3233 695 3278 aerariis
724 3235 971 3278 eommunia
999 3234 1121 3277 fiunt.

572 3292 624 3337 L.
644 3292 854 3337 Lucullus
883 3292 1082 3336 Amisum
1112 3304 1163 3336 ac
1193 3292 1388 3349 Sinopen
1419 3291 1752 3362 compluresque
1785 3292 1893 3336 alias
1925 3292 2054 3336 urbes

510 3350 1174 3476 ῗῧῖὲῖἰωὲὲοῗῗῗῶθῗῗέἒΐὲ
1196 3350 1934 3468 ἓέρῗέἓιέἐῖἑῖθῖἓὲἒωῖῗὲῗῗ
1950 3352 2053 3455 02⁸³:

510 3468 639 3527 fugit,
671 3481 880 3527 generum
910 3481 1050 3513 suum.
