<?xml version="1.0" encoding="UTF-8"?>
<!DOCTYPE html PUBLIC "-//W3C//DTD XHTML 1.0 Transitional//EN"
    "http://www.w3.org/TR/xhtml1/DTD/xhtml1-transitional.dtd">
<html xmlns="http://www.w3.org/1999/xhtml" xml:lang="en" lang="en">
 <head>
  <title>
</title>
<meta http-equiv="Content-Type" content="text/html;charset=utf-8" />
  <meta name='ocr-system' content='tesseract 3.04.00' />
  <meta name='ocr-capabilities' content='ocr_page ocr_carea ocr_par ocr_line ocrx_word'/>
</head>
<body>
  <div class='ocr_page' id='page_1' title='image "annalesveterumre00zumpuoft_0012.png"; bbox 0 0 2392 4016; ppageno 0'>
   <div class='ocr_carea' id='block_1_1' title="bbox 300 213 1362 255">
    <p class='ocr_par' dir='ltr' id='par_1_1' title="bbox 300 213 1362 255">
     <span class='ocr_line' id='line_1_1' title="bbox 300 213 1362 255; baseline -0.007 0"><span class='ocrx_word' id='word_1_1' title='bbox 300 222 347 255; x_wconf 77' lang='lat' dir='ltr'>vl</span> <span class='ocrx_word' id='word_1_2' title='bbox 1150 213 1362 251; x_wconf 77' lang='lat' dir='ltr'>Praefatio.</span> 
     </span>
    </p>
   </div>
   <div class='ocr_carea' id='block_1_2' title="bbox 295 354 2222 1884">
    <p class='ocr_par' dir='ltr' id='par_1_2' title="bbox 295 354 2222 1884">
     <span class='ocr_line' id='line_1_2' title="bbox 299 354 2218 426; baseline -0.001 -17"><span class='ocrx_word' id='word_1_3' title='bbox 299 357 516 423; x_wconf 86' lang='lat' dir='ltr'>ciarum,</span> <span class='ocrx_word' id='word_1_4' title='bbox 564 356 944 426; x_wconf 85' lang='lat' dir='ltr'>imperatorum</span> <span class='ocrx_word' id='word_1_5' title='bbox 990 363 1231 425; x_wconf 86' lang='lat' dir='ltr'>tempora</span> <span class='ocrx_word' id='word_1_6' title='bbox 1277 354 1579 407; x_wconf 90' lang='lat' dir='ltr'>definienda</span> <span class='ocrx_word' id='word_1_7' title='bbox 1622 355 1942 423; x_wconf 85' lang='lat' dir='ltr'>pertineant,</span> <span class='ocrx_word' id='word_1_8' title='bbox 1992 371 2218 408; x_wconf 84' lang='lat' dir='ltr'>comme-</span> 
     </span>
     <span class='ocr_line' id='line_1_3' title="bbox 299 439 2218 511; baseline 0 -17"><span class='ocrx_word' id='word_1_9' title='bbox 299 449 501 494; x_wconf 89' lang='lat' dir='ltr'>morata</span> <span class='ocrx_word' id='word_1_10' title='bbox 539 460 654 495; x_wconf 92' lang='lat' dir='ltr'>esse</span> <span class='ocrx_word' id='word_1_11' title='bbox 693 442 973 511; x_wconf 88' lang='lat' dir='ltr'>reperient.</span> <span class='ocrx_word' id='word_1_12' title='bbox 1033 441 1154 494; x_wconf 91' lang='lat' dir='ltr'>Nec</span> <span class='ocrx_word' id='word_1_13' title='bbox 1194 447 1499 510; x_wconf 80' lang='lat' dir='ltr'><strong>poteramus</strong></span> <span class='ocrx_word' id='word_1_14' title='bbox 1538 458 1645 492; x_wconf 86' lang='lat' dir='ltr'>non</span> <span class='ocrx_word' id='word_1_15' title='bbox 1682 439 1851 491; x_wconf 82' lang='lat' dir='ltr'>multo</span> <span class='ocrx_word' id='word_1_16' title='bbox 1887 439 2044 509; x_wconf 88' lang='lat' dir='ltr'>plura</span> <span class='ocrx_word' id='word_1_17' title='bbox 2079 441 2218 494; x_wconf 89' lang='lat' dir='ltr'>eius-</span> 
     </span>
     <span class='ocr_line' id='line_1_4' title="bbox 297 524 2219 596; baseline 0.001 -17"><span class='ocrx_word' id='word_1_18' title='bbox 297 526 444 579; x_wconf 90' lang='lat' dir='ltr'>modi</span> <span class='ocrx_word' id='word_1_19' title='bbox 482 526 692 595; x_wconf 84' lang='lat' dir='ltr'>afferre,</span> <span class='ocrx_word' id='word_1_20' title='bbox 730 526 827 580; x_wconf 91' lang='lat' dir='ltr'>sed</span> <span class='ocrx_word' id='word_1_21' title='bbox 863 526 1127 579; x_wconf 84' lang='lat' dir='ltr'>retinebat</span> <span class='ocrx_word' id='word_1_22' title='bbox 1165 525 1512 596; x_wconf 80' lang='lat' dir='ltr'>cupiditatem</span> <span class='ocrx_word' id='word_1_23' title='bbox 1545 532 1784 578; x_wconf 88' lang='lat' dir='ltr'>nostram</span> <span class='ocrx_word' id='word_1_24' title='bbox 1807 524 1960 592; x_wconf 80' lang='lat' dir='ltr'>illud,</span> <span class='ocrx_word' id='word_1_25' title='bbox 1996 544 2064 578; x_wconf 89' lang='lat' dir='ltr'>ne</span> <span class='ocrx_word' id='word_1_26' title='bbox 2093 526 2219 580; x_wconf 90' lang='lat' dir='ltr'>viris</span> 
     </span>
     <span class='ocr_line' id='line_1_5' title="bbox 299 610 2220 686; baseline 0.001 -22"><span class='ocrx_word' id='word_1_27' title='bbox 299 611 483 667; x_wconf 54' lang='lat' dir='ltr'>doctis,</span> <span class='ocrx_word' id='word_1_28' title='bbox 510 620 719 666; x_wconf 88' lang='lat' dir='ltr'>tantum</span> <span class='ocrx_word' id='word_1_29' title='bbox 758 611 1007 678; x_wconf 79' lang='lat' dir='ltr'>scribere,</span> <span class='ocrx_word' id='word_1_30' title='bbox 1046 629 1153 686; x_wconf 86' lang='lat' dir='ltr'>non</span> <span class='ocrx_word' id='word_1_31' title='bbox 1193 630 1393 679; x_wconf 84' lang='lat' dir='ltr'>eorum,</span> <span class='ocrx_word' id='word_1_32' title='bbox 1442 612 1534 680; x_wconf 91' lang='lat' dir='ltr'>qui</span> <span class='ocrx_word' id='word_1_33' title='bbox 1572 610 1778 664; x_wconf 82' lang='lat' dir='ltr'>discere</span> <span class='ocrx_word' id='word_1_34' title='bbox 1816 611 2032 679; x_wconf 86' lang='lat' dir='ltr'>vellent,</span> <span class='ocrx_word' id='word_1_35' title='bbox 2077 629 2220 665; x_wconf 90' lang='lat' dir='ltr'>com-</span> 
     </span>
     <span class='ocr_line' id='line_1_6' title="bbox 298 696 2220 767; baseline -0.001 -15"><span class='ocrx_word' id='word_1_36' title='bbox 298 698 459 752; x_wconf 92' lang='lat' dir='ltr'>modo</span> <span class='ocrx_word' id='word_1_37' title='bbox 511 700 787 752; x_wconf 90' lang='lat' dir='ltr'>consulere</span> <span class='ocrx_word' id='word_1_38' title='bbox 834 696 1163 764; x_wconf 80' lang='lat' dir='ltr'>videremur,</span> <span class='ocrx_word' id='word_1_39' title='bbox 1212 704 1591 767; x_wconf 86' lang='lat' dir='ltr'>perpetuamve</span> <span class='ocrx_word' id='word_1_40' title='bbox 1639 716 1817 751; x_wconf 91' lang='lat' dir='ltr'>rerum</span> <span class='ocrx_word' id='word_1_41' title='bbox 1863 698 2220 751; x_wconf 84' lang='lat' dir='ltr'>narrationem</span> 
     </span>
     <span class='ocr_line' id='line_1_7' title="bbox 298 783 2221 856; baseline 0.001 -19"><span class='ocrx_word' id='word_1_42' title='bbox 298 785 568 856; x_wconf 84' lang='lat' dir='ltr'>eleganter</span> <span class='ocrx_word' id='word_1_43' title='bbox 615 783 997 838; x_wconf 83' lang='lat' dir='ltr'>instituendam</span> <span class='ocrx_word' id='word_1_44' title='bbox 1041 783 1200 836; x_wconf 90' lang='lat' dir='ltr'>nimis</span> <span class='ocrx_word' id='word_1_45' title='bbox 1248 784 1430 838; x_wconf 89' lang='lat' dir='ltr'>multis</span> <span class='ocrx_word' id='word_1_46' title='bbox 1477 783 1715 837; x_wconf 86' lang='lat' dir='ltr'>minutiis</span> <span class='ocrx_word' id='word_1_47' title='bbox 1763 783 2062 837; x_wconf 83' lang='lat' dir='ltr'>inserendis</span> <span class='ocrx_word' id='word_1_48' title='bbox 2099 802 2221 854; x_wconf 88' lang='lat' dir='ltr'>pes-</span> 
     </span>
     <span class='ocr_line' id='line_1_8' title="bbox 299 866 2222 940; baseline -0.001 -16"><span class='ocrx_word' id='word_1_49' title='bbox 299 871 682 925; x_wconf 88' lang='lat' dir='ltr'>sumdaremus.</span> <span class='ocrx_word' id='word_1_50' title='bbox 768 869 854 921; x_wconf 91' lang='lat' dir='ltr'>De</span> <span class='ocrx_word' id='word_1_51' title='bbox 892 866 1131 921; x_wconf 86' lang='lat' dir='ltr'>fontibus</span> <span class='ocrx_word' id='word_1_52' title='bbox 1170 877 1369 923; x_wconf 78' lang='lat' dir='ltr'>autem·</span> <span class='ocrx_word' id='word_1_53' title='bbox 1388 877 1441 923; x_wconf 92' lang='lat' dir='ltr'>et</span> <span class='ocrx_word' id='word_1_54' title='bbox 1479 869 1866 923; x_wconf 89' lang='lat' dir='ltr'>emendationis</span> <span class='ocrx_word' id='word_1_55' title='bbox 1905 877 1960 922; x_wconf 91' lang='lat' dir='ltr'>et</span> <span class='ocrx_word' id='word_1_56' title='bbox 1996 870 2222 940; x_wconf 88' lang='lat' dir='ltr'>amplifi-</span> 
     </span>
     <span class='ocr_line' id='line_1_9' title="bbox 298 954 2221 1024; baseline -0.001 -15"><span class='ocrx_word' id='word_1_57' title='bbox 298 958 522 1010; x_wconf 85' lang='lat' dir='ltr'>cationis</span> <span class='ocrx_word' id='word_1_58' title='bbox 569 964 782 1010; x_wconf 89' lang='lat' dir='ltr'>nostrae</span> <span class='ocrx_word' id='word_1_59' title='bbox 833 954 1011 1008; x_wconf 90' lang='lat' dir='ltr'>dicere</span> <span class='ocrx_word' id='word_1_60' title='bbox 1059 956 1192 1008; x_wconf 92' lang='lat' dir='ltr'>nihil</span> <span class='ocrx_word' id='word_1_61' title='bbox 1238 957 1445 1009; x_wconf 89' lang='lat' dir='ltr'>attinet.</span> <span class='ocrx_word' id='word_1_62' title='bbox 1531 954 1671 1010; x_wconf 86' lang='lat' dir='ltr'>Sunt</span> <span class='ocrx_word' id='word_1_63' title='bbox 1710 957 1851 1008; x_wconf 91' lang='lat' dir='ltr'>enim</span> <span class='ocrx_word' id='word_1_64' title='bbox 1888 956 1983 1023; x_wconf 88' lang='lat' dir='ltr'>iis,</span> <span class='ocrx_word' id='word_1_65' title='bbox 2037 956 2129 1024; x_wconf 93' lang='lat' dir='ltr'>qui</span> <span class='ocrx_word' id='word_1_66' title='bbox 2165 956 2221 1008; x_wconf 93' lang='lat' dir='ltr'>in</span> 
     </span>
     <span class='ocr_line' id='line_1_10' title="bbox 298 1041 2221 1114; baseline 0 -19"><span class='ocrx_word' id='word_1_67' title='bbox 298 1043 381 1096; x_wconf 91' lang='lat' dir='ltr'>his</span> <span class='ocrx_word' id='word_1_68' title='bbox 421 1042 611 1096; x_wconf 92' lang='lat' dir='ltr'>studiis</span> <span class='ocrx_word' id='word_1_69' title='bbox 650 1049 947 1109; x_wconf 85' lang='lat' dir='ltr'>versantur,</span> <span class='ocrx_word' id='word_1_70' title='bbox 986 1043 1100 1094; x_wconf 92' lang='lat' dir='ltr'>noti</span> <span class='ocrx_word' id='word_1_71' title='bbox 1138 1060 1238 1095; x_wconf 89' lang='lat' dir='ltr'>nec</span> <span class='ocrx_word' id='word_1_72' title='bbox 1263 1042 1348 1110; x_wconf 85' lang='lat' dir='ltr'>iis,</span> <span class='ocrx_word' id='word_1_73' title='bbox 1386 1041 1581 1112; x_wconf 89' lang='lat' dir='ltr'>quibus</span> <span class='ocrx_word' id='word_1_74' title='bbox 1607 1043 1781 1114; x_wconf 81' lang='lat' dir='ltr'>ignoti</span> <span class='ocrx_word' id='word_1_75' title='bbox 1807 1050 1949 1110; x_wconf 83' lang='lat' dir='ltr'>sunt,</span> <span class='ocrx_word' id='word_1_76' title='bbox 1987 1041 2221 1096; x_wconf 88' lang='lat' dir='ltr'>breviter</span> 
     </span>
     <span class='ocr_line' id='line_1_11' title="bbox 297 1127 2221 1199; baseline 0 -17"><span class='ocrx_word' id='word_1_77' title='bbox 297 1137 523 1199; x_wconf 88' lang='lat' dir='ltr'>possunt</span> <span class='ocrx_word' id='word_1_78' title='bbox 562 1127 815 1181; x_wconf 85' lang='lat' dir='ltr'>exhiberi.</span> <span class='ocrx_word' id='word_1_79' title='bbox 882 1127 1111 1180; x_wconf 92' lang='lat' dir='ltr'>Nullum</span> <span class='ocrx_word' id='word_1_80' title='bbox 1148 1146 1246 1181; x_wconf 95' lang='lat' dir='ltr'>nos</span> <span class='ocrx_word' id='word_1_81' title='bbox 1286 1128 1502 1196; x_wconf 91' lang='lat' dir='ltr'>quidem</span> <span class='ocrx_word' id='word_1_82' title='bbox 1539 1130 1889 1182; x_wconf 88' lang='lat' dir='ltr'>recentiorem</span> <span class='ocrx_word' id='word_1_83' title='bbox 1925 1129 2114 1182; x_wconf 89' lang='lat' dir='ltr'>harum</span> <span class='ocrx_word' id='word_1_84' title='bbox 2138 1148 2221 1182; x_wconf 93' lang='lat' dir='ltr'>re-</span> 
     </span>
     <span class='ocr_line' id='line_1_12' title="bbox 295 1214 2220 1284; baseline 0 -16"><span class='ocrx_word' id='word_1_85' title='bbox 295 1235 413 1268; x_wconf 90' lang='lat' dir='ltr'>rum</span> <span class='ocrx_word' id='word_1_86' title='bbox 452 1221 725 1272; x_wconf 86' lang='lat' dir='ltr'>auctorem</span> <span class='ocrx_word' id='word_1_87' title='bbox 765 1214 1201 1284; x_wconf 79' lang='lat' dir='ltr'>contempsimUS,</span> <span class='ocrx_word' id='word_1_88' title='bbox 1240 1214 1443 1284; x_wconf 87' lang='lat' dir='ltr'>aliquot</span> <span class='ocrx_word' id='word_1_89' title='bbox 1481 1215 1651 1268; x_wconf 83' lang='lat' dir='ltr'>etiam&#39;</span> <span class='ocrx_word' id='word_1_90' title='bbox 1667 1233 1785 1268; x_wconf 86' lang='lat' dir='ltr'>eam</span> <span class='ocrx_word' id='word_1_91' title='bbox 1809 1234 1972 1268; x_wconf 89' lang='lat' dir='ltr'>unam</span> <span class='ocrx_word' id='word_1_92' title='bbox 1998 1214 2067 1268; x_wconf 94' lang='lat' dir='ltr'>ob</span> <span class='ocrx_word' id='word_1_93' title='bbox 2095 1233 2220 1269; x_wconf 90' lang='lat' dir='ltr'>cau-</span> 
     </span>
     <span class='ocr_line' id='line_1_13' title="bbox 298 1299 2222 1368; baseline 0 -14"><span class='ocrx_word' id='word_1_94' title='bbox 298 1319 429 1368; x_wconf 85' lang='lat' dir='ltr'>sam,</span> <span class='ocrx_word' id='word_1_95' title='bbox 466 1307 527 1352; x_wconf 93' lang='lat' dir='ltr'>ut</span> <span class='ocrx_word' id='word_1_96' title='bbox 564 1300 702 1352; x_wconf 89' lang='lat' dir='ltr'>hanc</span> <span class='ocrx_word' id='word_1_97' title='bbox 740 1299 1027 1353; x_wconf 92' lang='lat' dir='ltr'>editionem</span> <span class='ocrx_word' id='word_1_98' title='bbox 1063 1308 1210 1353; x_wconf 91' lang='lat' dir='ltr'>recte</span> <span class='ocrx_word' id='word_1_99' title='bbox 1250 1319 1574 1368; x_wconf 64' lang='lat' dir='ltr'>curaremm,</span> <span class='ocrx_word' id='word_1_100' title='bbox 1625 1300 1984 1354; x_wconf 89' lang='lat' dir='ltr'>adhibuimus.</span> <span class='ocrx_word' id='word_1_101' title='bbox 2057 1300 2222 1354; x_wconf 90' lang='lat' dir='ltr'>Prae-</span> 
     </span>
     <span class='ocr_line' id='line_1_14' title="bbox 299 1385 2221 1456; baseline 0.001 -18"><span class='ocrx_word' id='word_1_102' title='bbox 299 1387 486 1456; x_wconf 90' lang='lat' dir='ltr'>cipuus</span> <span class='ocrx_word' id='word_1_103' title='bbox 524 1393 703 1438; x_wconf 88' lang='lat' dir='ltr'>tamen</span> <span class='ocrx_word' id='word_1_104' title='bbox 739 1385 830 1438; x_wconf 92' lang='lat' dir='ltr'>ille</span> <span class='ocrx_word' id='word_1_105' title='bbox 866 1386 987 1439; x_wconf 87' lang='lat' dir='ltr'>fons</span> <span class='ocrx_word' id='word_1_106' title='bbox 1027 1394 1157 1454; x_wconf 81' lang='lat' dir='ltr'>erat,</span> <span class='ocrx_word' id='word_1_107' title='bbox 1194 1394 1271 1453; x_wconf 85' lang='lat' dir='ltr'>ut,</span> <span class='ocrx_word' id='word_1_108' title='bbox 1312 1403 1435 1438; x_wconf 92' lang='lat' dir='ltr'>cum</span> <span class='ocrx_word' id='word_1_109' title='bbox 1473 1395 1526 1439; x_wconf 93' lang='lat' dir='ltr'>et</span> <span class='ocrx_word' id='word_1_110' title='bbox 1563 1387 1619 1439; x_wconf 91' lang='lat' dir='ltr'>in</span> <span class='ocrx_word' id='word_1_111' title='bbox 1657 1386 1916 1440; x_wconf 86' lang='lat' dir='ltr'>discendo</span> <span class='ocrx_word' id='word_1_112' title='bbox 1955 1394 2009 1440; x_wconf 92' lang='lat' dir='ltr'>et</span> <span class='ocrx_word' id='word_1_113' title='bbox 2043 1387 2101 1440; x_wconf 91' lang='lat' dir='ltr'>in</span> <span class='ocrx_word' id='word_1_114' title='bbox 2126 1385 2221 1440; x_wconf 93' lang='lat' dir='ltr'>do-</span> 
     </span>
     <span class='ocr_line' id='line_1_15' title="bbox 299 1470 2221 1541; baseline 0.001 -18"><span class='ocrx_word' id='word_1_115' title='bbox 299 1470 470 1524; x_wconf 93' lang='lat' dir='ltr'>cendo</span> <span class='ocrx_word' id='word_1_116' title='bbox 517 1478 774 1541; x_wconf 92' lang='lat' dir='ltr'>perpetuo</span> <span class='ocrx_word' id='word_1_117' title='bbox 820 1471 923 1524; x_wconf 90' lang='lat' dir='ltr'>hoc</span> <span class='ocrx_word' id='word_1_118' title='bbox 970 1471 1108 1524; x_wconf 91' lang='lat' dir='ltr'>libro</span> <span class='ocrx_word' id='word_1_119' title='bbox 1146 1473 1230 1525; x_wconf 93' lang='lat' dir='ltr'>usi</span> <span class='ocrx_word' id='word_1_120' title='bbox 1270 1490 1536 1539; x_wconf 64' lang='lat' dir='ltr'>essemm,</span> <span class='ocrx_word' id='word_1_121' title='bbox 1588 1491 1654 1525; x_wconf 85' lang='lat' dir='ltr'>ex</span> <span class='ocrx_word' id='word_1_122' title='bbox 1691 1473 1787 1539; x_wconf 82' lang='lat' dir='ltr'>iis,</span> <span class='ocrx_word' id='word_1_123' title='bbox 1834 1491 1969 1541; x_wconf 89' lang='lat' dir='ltr'>quae</span> <span class='ocrx_word' id='word_1_124' title='bbox 2009 1490 2221 1541; x_wconf 91' lang='lat' dir='ltr'>quoque</span> 
     </span>
     <span class='ocr_line' id='line_1_16' title="bbox 295 1556 2218 1628; baseline 0.001 -19"><span class='ocrx_word' id='word_1_125' title='bbox 295 1558 416 1609; x_wconf 92' lang='lat' dir='ltr'>loco</span> <span class='ocrx_word' id='word_1_126' title='bbox 454 1564 878 1624; x_wconf 80' lang='lat' dir='ltr'>annotassemUS‚</span> <span class='ocrx_word' id='word_1_127' title='bbox 919 1557 1174 1627; x_wconf 90' lang='lat' dir='ltr'>quicquid</span> <span class='ocrx_word' id='word_1_128' title='bbox 1213 1576 1347 1628; x_wconf 92' lang='lat' dir='ltr'>opus</span> <span class='ocrx_word' id='word_1_129' title='bbox 1375 1576 1492 1610; x_wconf 92' lang='lat' dir='ltr'>esse</span> <span class='ocrx_word' id='word_1_130' title='bbox 1517 1556 1806 1625; x_wconf 88' lang='lat' dir='ltr'>videretur,</span> <span class='ocrx_word' id='word_1_131' title='bbox 1843 1559 2218 1628; x_wconf 90' lang='lat' dir='ltr'>reciperemus.</span> 
     </span>
     <span class='ocr_line' id='line_1_17' title="bbox 299 1640 2220 1714; baseline 0.001 -19"><span class='ocrx_word' id='word_1_132' title='bbox 299 1640 423 1709; x_wconf 81' lang='lat' dir='ltr'>Qua</span> <span class='ocrx_word' id='word_1_133' title='bbox 458 1644 664 1696; x_wconf 89' lang='lat' dir='ltr'>ratione</span> <span class='ocrx_word' id='word_1_134' title='bbox 702 1660 826 1696; x_wconf 91' lang='lat' dir='ltr'>cum</span> <span class='ocrx_word' id='word_1_135' title='bbox 862 1650 989 1696; x_wconf 88' lang='lat' dir='ltr'>nata</span> <span class='ocrx_word' id='word_1_136' title='bbox 1026 1644 1096 1696; x_wconf 90' lang='lat' dir='ltr'>sit</span> <span class='ocrx_word' id='word_1_137' title='bbox 1133 1643 1267 1696; x_wconf 88' lang='lat' dir='ltr'>haec</span> <span class='ocrx_word' id='word_1_138' title='bbox 1305 1642 1487 1710; x_wconf 81' lang='lat' dir='ltr'>editio,</span> <span class='ocrx_word' id='word_1_139' title='bbox 1526 1650 1587 1696; x_wconf 89' lang='lat' dir='ltr'>ut</span> <span class='ocrx_word' id='word_1_140' title='bbox 1626 1643 1813 1697; x_wconf 89' lang='lat' dir='ltr'>eadem</span> <span class='ocrx_word' id='word_1_141' title='bbox 1836 1645 2008 1714; x_wconf 91' lang='lat' dir='ltr'>prosit</span> <span class='ocrx_word' id='word_1_142' title='bbox 2033 1643 2220 1697; x_wconf 89' lang='lat' dir='ltr'>docto-</span> 
     </span>
     <span class='ocr_line' id='line_1_18' title="bbox 297 1728 2222 1800; baseline 0.001 -18"><span class='ocrx_word' id='word_1_143' title='bbox 297 1748 520 1799; x_wconf 90' lang='lat' dir='ltr'>rumque</span> <span class='ocrx_word' id='word_1_144' title='bbox 558 1730 756 1800; x_wconf 89' lang='lat' dir='ltr'>pariter</span> <span class='ocrx_word' id='word_1_145' title='bbox 793 1746 855 1782; x_wconf 86' lang='lat' dir='ltr'>ac</span> <span class='ocrx_word' id='word_1_146' title='bbox 892 1728 1212 1783; x_wconf 90' lang='lat' dir='ltr'>discentium</span> <span class='ocrx_word' id='word_1_147' title='bbox 1250 1729 1430 1783; x_wconf 90' lang='lat' dir='ltr'>studia</span> <span class='ocrx_word' id='word_1_148' title='bbox 1466 1729 1701 1798; x_wconf 82' lang='lat' dir='ltr'>adiuvet,</span> <span class='ocrx_word' id='word_1_149' title='bbox 1746 1730 2091 1783; x_wconf 91' lang='lat' dir='ltr'>vehementer</span> <span class='ocrx_word' id='word_1_150' title='bbox 2129 1748 2222 1783; x_wconf 92' lang='lat' dir='ltr'>cu-</span> 
     </span>
     <span class='ocr_line' id='line_1_19' title="bbox 296 1833 489 1884; baseline 0 -17"><span class='ocrx_word' id='word_1_151' title='bbox 296 1833 489 1884; x_wconf 90' lang='lat' dir='ltr'>p1mus.</span> 
     </span>
    </p>
   </div>
   <div class='ocr_carea' id='block_1_3' title="bbox 443 1973 1423 2045">
    <p class='ocr_par' dir='ltr' id='par_1_3' title="bbox 443 1973 1423 2045">
     <span class='ocr_line' id='line_1_20' title="bbox 443 1973 1423 2045; baseline 0.003 -17"><span class='ocrx_word' id='word_1_152' title='bbox 443 1973 647 2045; x_wconf 86' lang='lat' dir='ltr'>Scripsi</span> <span class='ocrx_word' id='word_1_153' title='bbox 684 1975 861 2029; x_wconf 91' lang='lat' dir='ltr'>Berol.</span> <span class='ocrx_word' id='word_1_154' title='bbox 902 1973 1016 2028; x_wconf 83' lang='lat' dir='ltr'>Cal.</span> <span class='ocrx_word' id='word_1_155' title='bbox 1056 1975 1220 2029; x_wconf 90' lang='lat' dir='ltr'>Mart.</span> <span class='ocrx_word' id='word_1_156' title='bbox 1266 1977 1423 2032; x_wconf 80' lang='lat'>1862.</span> 
     </span>
    </p>
   </div>
   <div class='ocr_carea' id='block_1_4' title="bbox 1631 2134 2147 2207">
    <p class='ocr_par' dir='ltr' id='par_1_4' title="bbox 1631 2134 2147 2207">
     <span class='ocr_line' id='line_1_21' title="bbox 1631 2134 2147 2207; baseline 0 -16"><span class='ocrx_word' id='word_1_157' title='bbox 1631 2136 1697 2191; x_wconf 91' lang='lat' dir='ltr'>A.</span> <span class='ocrx_word' id='word_1_158' title='bbox 1728 2136 1816 2192; x_wconf 91' lang='lat' dir='ltr'>W.</span> <span class='ocrx_word' id='word_1_159' title='bbox 1852 2134 2147 2207; x_wconf 79' lang='lat' dir='ltr'>Zumptius.</span> 
     </span>
    </p>
   </div>
  </div>
 </body>
</html>
