2392 4016
6 579 10 605 l

6 609 11 633 ζ

900 218 1043 274 Syria.
1086 220 1315 273 Aegyptus.

143 413 333 531 ΤἘ-ἱῖἒῗ
363 412 757 521 ἵὶὲἓοοῖεΨὲἕ
767 412 1425 525 ’825332⁸·ffl,¹·³55?’mt’:5;⁰⁶?;“
1437 411 1740 526 &¹82⁸ss

201 548 383 593 regnum
414 534 614 590 occupat,
645 544 786 588 neque
818 545 916 577 eum
948 531 1131 588 impedit
1158 530 1372 576 Lucullus

111 594 377 657 „Qu—:peius
408 605 519 663 quae
538 591 749 636 Lucullus
780 591 1031 635 instituerat
1047 589 1290 636 irritassesse
1310 589 1446 641 iubet,
1475 587 1749 652 Antiochum
1760 646 1771 649 ,

192 661 339 716 ,resno
367 663 492 710 vm
590 644 1644 714 mamffi‘ffimreffiffitffl

523 884 572 936 b)
617 884 806 939 Reqnum
837 884 1021 940 Aegypti
1046 885 1123 927 aab
1154 883 1351 939 Layidis.

147 1004 422 1055 Ptolemaeus,
467 1000 581 1058 Lagi
618 999 758 1054 filius,
776 1037 779 1041 .
800 1001 932 1054 ‚Soter
967 1001 1334 1057 regium-nomen
1375 998 1529 1052 sumit,
1574 998 1740 1055 primus

202 1061 395 1119 Aegypti
424 1073 502 1104 rex
531 1062 634 1117 post
662 1059 959 1104 Alexandrum
989 1060 1044 1102 M.
1076 1059 1236 1103 dicitur

147 1120 454 1165 Alexandriam
483 1120 696 1176 portibus,
727 1119 877 1176 pharo,
908 1118 1250 1175 aquaeductibus
1281 1120 1419 1161 ornat.

143 1180 438 1224 Ptolemaeum
479 1192 535 1222 ex
565 1178 778 1222 Berenice
815 1177 954 1223 filium
985 1177 1211 1234 repudiato
1244 1177 1493 1221 Ptolemaeo
1526 1174 1740 1228 Cerauno,

202 1252 258 1284 ex
287 1240 431 1296 priore
463 1238 647 1294 coniuge
668 1237 886 1294 Eurydice
915 1236 1021 1290 filio,
1052 1237 1099 1280 in
1130 1236 1256 1293 regni
1277 1236 1533 1280 societatem
1554 1235 1742 1279 assumit

143 1299 324 1342 Moritur
354 1297 510 1341 aetatis
540 1309 654 1340 anno
685 1295 743 1340 84

144 1358 401 1409 Ptolemaeus
420 1356 478 1399 II
501 1355 813 1411 Philadelphus,
851 1353 1048 1397 infirmus
1080 1366 1284 1410 corpore,
1324 1351 1516 1409 prudens
1549 1352 1741 1409 ingenio,

204 1416 432 1468 (Stratone
463 1414 754 1471 Peripatetico
786 1414 996 1470 magistro
1028 1412 1159 1463 usus)
1204 1413 1363 1456 litteris
1396 1412 1649 1467 artibusque
1681 1410 1743 1454 fa-

202 1487 309 1518 vens
349 1473 406 1518 36
438 1485 574 1530 annos
612 1475 789 1529 regnat;
828 1484 1009 1515 uxorem
1046 1471 1178 1515 habet
1207 1470 1448 1523 Arsinoen,
1488 1469 1742 1525 Lysimachi

203 1534 321 1590 regis
358 1531 516 1585 filiam,
557 1544 613 1574 ex
652 1543 790 1587 eaque
821 1531 933 1574 Ptol.
973 1532 1019 1573 et
1047 1530 1360 1586 Lysimachum
1404 1532 1448 1572 et
1477 1529 1741 1572 Berenicenz

204 1592 305 1635 dein
335 1591 517 1635 dimissa
546 1602 698 1643 uxore,
728 1590 907 1634 alteram
939 1588 1060 1632 ducit
1087 1588 1320 1641 Arsinoen,
1352 1600 1545 1632 sororem
1577 1600 1743 1644 germa-

202 1663 315 1704 nam,
345 1649 599 1706 Lysimachi
624 1649 744 1706 regis
764 1648 954 1701 viduam,
983 1647 1220 1705 Aegyptio,
1252 1660 1340 1691 non
1359 1647 1646 1691 Macedonum
1668 1649 1744 1690 aut

205 1709 469 1754 Graecorum
499 1720 633 1761 more,
665 1720 746 1751 nec
776 1710 923 1751 tamen
955 1720 1010 1750 ex
1042 1720 1094 1750 ea
1124 1707 1285 1750 liberos
1316 1706 1460 1750 habet.

143 1769 338 1813 Museum
359 1766 702 1812 Alexandrinum
733 1767 883 1811 condit
912 1779 1011 1810 cum
1042 1766 1318 1818 bibliotheca,
1350 1766 1422 1809 cui
1451 1767 1627 1822 praeest
1656 1765 1743 1821 pri·

202 1839 300 1871 mus
332 1827 566 1870 Zenodotue
595 1825 827 1882 Ephesius,
859 1825 1132 1881 Philadelphi
1160 1825 1385 1881 magister.

146 1885 256 1931 Gum
286 1886 495 1930 Romanis
525 1885 644 1930 victo
675 1885 842 1940 Pyrrho
873 1884 1056 1940 Epirota
1084 1883 1239 1927 foedus
1270 1883 1354 1927 init

144 1945 316 1990 Bellum
347 1945 461 2002 gerit
498 1955 597 1987 cum
627 1943 756 2000 Maga
793 1942 946 1996 fratre,
988 1941 1265 1999 Cyrenaicae,
1285 1940 1528 1998 praefecto,
1569 1943 1614 1983 et
1644 1953 1743 1984 cum

204 2003 420 2047 Antiocho
450 2002 564 2056 3243.
610 2001 705 2047 Pax
737 2002 802 2046 sic
834 2001 1120 2058 componitur,
1154 2003 1207 2048 ut
1220 1999 1464 2045 Antiochus
1485 1999 1742 2052 Berenicen,

204 2061 478 2118 Philadelphi
514 2060 671 2114 filiam,
710 2059 866 2115 ducat,
903 2061 1056 2117 Magae
1096 2058 1188 2104 filia
1224 2059 1438 2105 Berenice
1476 2058 1742 2111 Ptolemaeo,

205 2120 478 2176 Philadelphi
506 2119 612 2172 filio,
642 2119 790 2164 nubat.
1169 2159 1173 2165 .

146 2180 314 2223 Mortuo
345 2178 628 2236 Philadelpho
666 2177 864 2223 succedit
893 2177 922 2220 f.
953 2177 1064 2220 Ptol.
1095 2176 1185 2220 III.
1218 2176 1469 2231 Euergetes,
1508 2189 1565 2219 ex
1601 2175 1744 2232 priore

205 2237 391 2281 Arsinoe
421 2236 552 2290 filius,
581 2248 851 2293 regnumque
881 2238 1002 2281 tenet
1030 2248 1109 2291 per
1139 2233 1197 2280 25
1229 2247 1382 2288 annos,
1414 2234 1468 2278 ab

149 2295 256 2340 Cum
290 2295 477 2340 Seleuco
506 2295 551 2340 II
587 2307 691 2352 rege
721 2295 877 2352 Syriae
916 2294 1078 2338 sororis
1108 2294 1344 2338 Berenices
1382 2305 1535 2337 necem
1574 2293 1744 2336 ulturus

206 2355 367 2412 bellum
405 2355 520 2412 gerit
555 2356 678 2398 tanta
720 2353 892 2397 fortuna
930 2357 980 2397 ut
1015 2352 1177 2396 Bactra
1212 2365 1352 2408 usque
1387 2355 1662 2408 penetrasse,
1701 2354 1746 2395 et

205 2416 379 2457 vetusta
408 2413 587 2457 deorum
616 2412 680 2459 Ae
775 2413 934 2457 tiorum
965 2412 1200 2455 simulacra
1228 2425 1255 2455 a
1283 2412 1431 2455 Persis
1462 2410 1652 2456 abducta
1678 2423 1745 2454 re-

204 2475 407 2529 portasse
435 2472 616 2516 dicatur.'
662 2470 678 2520 (
721 2484 819 2516 oma
848 2471 1084 2516 Berenices
1115 2471 1308 2527 reginae,
1343 2469 1493 2514 Conon
1526 2470 1743 2522 mathem„

210 2531 488 2575 Callimachus
509 2527 680 2587 poeta.)
922 2565 926 2568 .

146 2589 257 2634 Item
287 2591 582 2635 Eratosthenes
611 2589 886 2657 geographus
917 2587 1072 2633 florere
1101 2587 1258 2644 incipit

146 2649 332 2693 Decedit
366 2649 630 2706 Euergetes,
674 2649 871 2705 sequitur
907 2647 936 2691 f.
977 2648 1089 2691 Ptol.
1112 2647 1187 2689 IV
1213 2647 1479 2701 Philopator,
1520 2642 1573 2687 17
1606 2654 1743 2687 annos

206 2721 253 2751 re
286 2721 394 2752 nans

150 2721 324 2811 Sosiffio
361 2769 408 2811 et
435 2765 679 2823 Agathocle
717 2764 930 2811 ministris
970 2766 1014 2808 et
1052 2763 1303 2808 auctoribus
1342 2761 1606 2819 flagitiorum
1638 2773 1744 2805 usus

146 2826 490 2930 Anstriisplilciosuhs1
512 2827 558 2870 et
585 2824 852 2926 ⁰¹¹¹dg¹i⁸.i¹²
884 2835 988 2867 suos
1021 2826 1230 2924 ⁶⁸t²·r¹t¹⁰?
1259 2820 1694 2890 ineruditusfamen.
1717 2878 1746 2921 d

254 2897 306 2931 oc
337 2898 408 2928 um
492 2896 652 2940 agnum
727 2895 847 2939 yriae
885 2894 1034 2938 regem
1081 2894 1125 2924 vi
1169 2894 1196 2924 u
1217 2894 1241 2925 e
1289 2892 1651 2925 mercenariorum
1690 2892 1715 2922 a

206 2943 418 3045 lRaphiam
449 2942 609 2996 vincit,
645 2945 878 2998 tueturque
916 2940 1243 2998 possessionem
1272 2939 1516 2984 Phoenices
1561 2941 1605 2983 et
1637 2937 1747 2982 Goe-

225 3015 272 3046 es
345 3015 395 3045 ae

149 3016 371 3104 Romgnrtlis
403 3061 581 3103 senatus
612 3058 667 3103 M.
698 3057 881 3103 Atilium
913 3061 958 3102 et
986 3053 1055 3101 Μ’.
1087 3056 1277 3103 Acilium
1312 3057 1483 3113 legatos
1516 3055 1571 3099 ad
1601 3055 1746 3099 Ptole·

208 3133 378 3163 maeum
410 3118 768 3175 cleopatramque
798 3118 885 3170 (vel
910 3116 1144 3169 Arsinoen)
1175 3129 1302 3174 reges
1334 3116 1512 3160 mittunt
1542 3114 1597 3158 ad
1627 3126 1744 3158 com-

208 3177 530 3222 memorandam
560 3176 936 3234 renovandamque
967 3176 1202 3220 amicitiam

151 3235 366 3282 Arsinoen
398 3247 590 3281 sororem
621 3234 887 3292 eandemque
918 3247 1097 3280 uxorem
1130 3246 1253 3279 suam
1284 3231 1413 3285 tollit,
1450 3230 1745 3289 Agathocleae

213 3296 349 3339 amori
380 3295 591 3339 serviens.
761 3336 763 3338 ,

150 3354 418 3411 Philopatori
447 3355 617 3397 mortuo
648 3350 846 3397 succedit
873 3350 990 3396 filius
1010 3350 1303 3408 quinquennis
1322 3349 1745 3404 PtoLVEpiphanes

154 3413 340 3457 Tutores
371 3413 502 3456 habet
531 3411 738 3467 deinceps
770 3410 1073 3467 Agathoclem,
1106 3409 1419 3467 Tlepolemum,
1458 3407 1743 3464 displicentes

212 3470 533 3523 Alexandrinis,
563 3470 885 3514 Aristomenem
909 3467 1194 3513 Acarnanam.
1242 3468 1338 3512 Rex
1361 3467 1416 3512 14
1449 3467 1603 3511 aetatis
1633 3477 1745 3509 anno

211 3531 398 3588 Memphi
429 3532 660 3575 coronatur

2013 216 2074 263 45

1761 364 1894 399 acar.
1931 364 2077 407 onymp.

1821 528 1878 572 69

1821 644 1879 689 65
1944 644 2027 689 178
2049 645 2076 689 3

1793 1059 1880 1105 306

1791 1236 1879 1281 285
1945 1236 2028 1280 123
2049 1237 2077 1279 4

1793 1295 1880 1340 283
1946 1295 2028 1339 124
2049 1294 2076 1338 2

1794 1881 1881 1926 273
1947 1881 2029 1925 126
2050 1881 2080 1924 4

1794 2233 1880 2278 247
1947 2233 2029 2277 133
2052 2233 2077 2276 2

1796 2292 1882 2336 246
1948 2292 2031 2337 133
2051 2292 2079 2336 3

1797 2585 1884 2630 223
1949 2585 2031 2631 139
2054 2585 2080 2628 2

1795 2701 1881 2747 222
1949 2700 2031 2746 139
2054 2701 2081 2745 3

1797 2996 1883 3041 217

1795 3172 1885 3218 210

1795 3347 1883 3394 205
1948 3347 2032 3392 143
2053 3348 2082 3391 4

1799 3524 1882 3569 196
