2392 4016
295 184 352 228 70
1065 180 1243 220 Annales
1273 164 1445 219 Romani

297 328 421 361 *Ch*
490 336 572 360 ιη’
687 371 859 416 foedere
891 372 975 415 sibi
1005 370 1256 428 adiungunt.
1322 370 1604 414 Comitiorum
1634 382 1768 414 causa
1797 369 1851 412 M.
1877 368 2082 412 Claudius
2114 369 2224 411 Mar-

690 430 825 475 cellus
858 430 961 475 dict.
994 429 1136 474 dictus
1172 429 1271 487 (Sp.
1295 429 1544 473 Postumius
1567 429 1750 474 Albinus
1783 441 1893 484 mag.
1921 427 2006 483 eq.)
2039 427 2223 480 abdicat,

691 493 782 534 tum
811 490 1066 545 interreges.

326 548 411 593 326
489 547 577 592 428
639 548 739 594 Cos.
778 549 821 592 C.
853 550 1058 592 Poetelius
1091 549 1195 590 Libo
1222 548 1346 590 Visol.
1380 547 1467 600 III,
1515 548 1570 590 L.
1601 547 1800 602 Papirius
1833 544 2131 601 Muqillanus.)
2176 544 2225 597 Q.

691 607 900 660 Publilio,
940 608 1009 652 cui
1043 609 1176 662 primo
1204 622 1360 662 procos.
1406 608 1612 660 imperium
1641 616 1904 661 proroyatum
1937 615 2014 657 est,
2057 604 2227 647 deditur

691 667 959 723 Palaepolis,
998 665 1198 722 idemque
1229 666 1393 722 primus
1433 668 1531 708 acto
1562 665 1724 708 honore
1754 665 2001 720 triumphat.
2066 663 2226 706 Romae

692 726 790 782 lege
821 739 846 768 a
877 737 968 769 cos.
1000 725 1088 768 lata
1119 728 1309 778 cavetur,
1341 738 1394 768 ne
1427 725 1523 780 quis
1555 725 1668 768 aeris
1700 724 1831 767 alieni
1862 736 1994 766 causa
2016 725 2226 775 nectatur,

692 786 840 841 utique
870 785 986 828 bona
1014 783 1310 828 tantummodo
1342 784 1532 828 obnoxia
1552 784 1653 827 sint.
1702 783 2034 826 Tarentinorum
2063 781 2226 825 artibus

284 892 290 899 .
692 844 861 888 Lucani
892 844 945 888 ab
977 844 1187 887 societate
1219 843 1344 886 Rom.
1377 841 1597 895 deficiunt,
1628 843 1818 898 itemque
1841 842 2025 884 Vestini.

329 900 429 945 325-
496 901 583 945 429
648 901 748 946 Cos.
779 903 836 946 L.
860 904 1012 952 Furius
1038 903 1233 944 Camillus
1262 902 1327 954 ΙΙ,
1366 899 1446 944 *D.
1476 902 1621 944 Iunius
1641 902 1804 944 Brutus
1824 899 2025 950 Scaeva.)
2059 899 2231 942 Vestini

695 975 720 1004 a
750 960 886 1004 Bruto
918 973 1007 1004 cos.
1039 960 1340 1017 profligantur.
1387 960 1510 1004 Alter
1541 973 1630 1004 cos.
1663 961 1813 1004 morbo
1835 960 2073 1015 implicitus
2095 958 2230 1001 dicta-

693 1022 831 1062 torem
873 1018 930 1061 ad
968 1019 1128 1062 bellum
1169 1032 1268 1062 cum
1299 1018 1567 1063 Samnitibus
1606 1019 1843 1075 gerendum
1880 1019 1987 1061 dicit
2015 1019 2070 1060 L.
2102 1018 2230 1072 Papi-

694 1079 798 1126 rium
835 1076 1056 1130 Cursorem,
1096 1089 1180 1132 quo
1213 1078 1393 1120 absente
1423 1089 1474 1120 ac
1504 1078 1679 1120 nolente
1712 1077 1761 1129 Q.
1792 1077 1956 1120 Fabius
1989 1077 2230 1128 Rullianus,

694 1149 808 1192 mag.
832 1136 1038 1191 equitum,
1070 1135 1324 1179 felicissime
1347 1148 1445 1179 cum
1468 1135 1736 1180 Samnitibus
1759 1135 1968 1191 confligit,
2002 1135 2081 1179 sed
2102 1148 2230 1190 aegre

696 1195 748 1238 ab
779 1195 890 1245 irato
923 1194 1025 1237 dict.
1057 1194 1212 1250 populi
1239 1194 1446 1250 precibus
1475 1193 1756 1238 condonatur.

329 1253 417 1297 324
497 1253 607 1297 430,
645 1253 698 1296 L.
722 1254 921 1308 Papirius
946 1254 1096 1296 Cursor
1124 1255 1236 1304 dict„
1275 1254 1330 1296 L.
1350 1254 1550 1308 Papirius
1577 1253 1749 1296 Crassus
1768 1268 1878 1308 may.
1902 1251 2050 1307 equit.)
2088 1253 2233 1296 Dicta-

695 1315 764 1356 tor
794 1312 944 1369 populi
974 1313 1099 1356 iussu
1120 1313 1399 1356 continuasse
1421 1313 1723 1369 magistratum
1744 1312 1929 1365 videtur,
1960 1313 2006 1355 in
2027 1324 2111 1368 quo
2135 1326 2232 1356 cum

695 1372 763 1415 bis
814 1372 1031 1415 Samnites
1080 1372 1285 1424 vicisset,
1327 1372 1526 1416 inducias
1574 1385 1740 1416 annuas
1785 1383 1937 1427 pacem
1983 1371 2232 1428 petentibus

696 1430 828 1483 dedit,
859 1432 1046 1486 pecunia
1075 1431 1300 1487 imperata,
1330 1432 1687 1488 triumphansque
1718 1431 1860 1474 rediit.

454 1509 470 1569 X
754 1489 984 1534 Luceriam
1020 1491 1067 1533 in
1105 1490 1263 1546 Apulia
1304 1491 1475 1549 colonia
1511 1490 1607 1534 Lat.
1648 1490 1896 1548 deducitur,
1937 1490 2266 1546 quaml-[ictis.

679 1546 1475 1607 ,gin-tibiis{Jri-ipfo‘sifans'ffiistiinaie
1482 1545 1612 1593 licet(
1620 1547 1634 1551 ⁴*
1644 1545 1658 1549 ”
1668 1546 1686 1549 ”
1714 1547 1724 1550 ”

332 1606 419 1651 323
499 1607 583 1651 431
650 1608 750 1652 Cos.
788 1603 831 1650 C.
864 1606 1277 1664 Sulpicius'Lonqus
1307 1607 1390 1661 II,
1417 1609 1465 1658 Q.
1496 1609 1647 1652 Aulius
1682 1607 1962 1659 Cerretanus.)
2015 1608 2233 1651 Samnites

695 1667 921 1719 rebellant,
953 1666 1106 1723 Apulis
1137 1668 1183 1710 in
1214 1669 1468 1712 societatem
1498 1668 1741 1725 pertractis.

758 1726 1018 1779 Tusculani,
1058 1728 1253 1770 accusati
1283 1740 1309 1769 a
1338 1727 1489 1771 Flavio
1520 1728 1620 1771 trib.
1652 1727 1727 1783 pL,
1767 1727 1883 1784 quod
1922 1739 2071 1770 eorum
2103 1740 2235 1783 opera

698 1785 912 1828 Veliterni
941 1787 986 1828 et
1013 1785 1288 1829 Privernates
1319 1786 1481 1829 bellum
1511 1786 1672 1843 populo
1694 1786 1819 1829 Rom.
1849 1786 2046 1839 fecerint,
2078 1800 2103 1829 a
2133 1799 2232 1842 pop.

697 1844 992 1887 absolvuntur.

167 1897 215 1949 ’Ὗ
259 1899 275 1962 X
330 1901 416 1944 322
496 1901 613 1946 432·
646 1901 748 1946 Cos.
785 1902 833 1951 Q.
865 1903 1023 1945 Fabius
1061 1903 1182 1945 Marc.
1213 1903 1468 1956 Rullianus,
1514 1905 1568 1946 L.
1605 1905 1779 1946 Fulvius
1822 1904 1989 1957 Curvus,
2030 1905 2106 1959 qui
2137 1917 2235 1947 cum

698 1961 1002 2004 rebellantium
1025 1961 1371 2005 Tusculanorum
1403 1974 1492 2006 cos.
1524 1962 1696 2015 fuisset,
1726 1962 1868 2006 factus
1900 1976 1999 2007 esse
2032 1963 2189 2006 dicitur
2211 1978 2236 2006 a

696 2020 808 2064 Plin.
847 2023 935 2064 nat.
974 2021 1074 2064 hist.
1115 2020 1156 2074 7,
1193 2021 1316 2072 136.)
1384 2020 1437 2064 Α.
1478 2021 1705 2065 Cornelius
1739 2021 1904 2066 Cossus
1935 2022 2098 2067 Arvina
2128 2022 2232 2066 dict.

639 2086 649 2091 ”
697 2077 778 2130 (Μ.
810 2079 947 2123 Fabio
978 2078 1191 2128 Ambusto
1222 2094 1336 2137 mag.
1369 2080 1461 2136 eq.)
1494 2078 1598 2132 (aut
1629 2079 1678 2133 Q.
1710 2081 1872 2124 Fabius
1905 2094 2010 2135 cos.,
2054 2082 2107 2125 cf.
2139 2082 2233 2125 Liv.

698 2137 739 2190 8,
770 2137 828 2182 39
851 2137 936 2193 sq.)
981 2140 1187 2182 acerrimo
1217 2139 1382 2195 proelio
1415 2153 1513 2182 cum
1544 2140 1812 2184 Samnitibus
1845 2140 2054 2197 confligit.
2116 2141 2235 2184 Victi

699 2199 898 2240 auctores
934 2197 1206 2240 induciarum
1241 2201 1465 2254 ruptarum
1495 2198 1679 2251 dedunt,
1695 2207 1700 2209 “
1719 2212 1859 2254 neque
1898 2202 2043 2243 tamen
2080 2213 2233 2256 pacem

583 2297 586 2300 .
695 2256 930 2311 impetrant
958 2269 984 2299 a
1014 2257 1235 2300 Romanis.
1838 2311 1841 2313 ι

334 2313 416 2359 321
500 2313 588 2358 433
650 2313 750 2358 Cos.
789 2315 835 2357 T.
863 2315 1052 2357 Veturius
1087 2316 1279 2358 Calvinus
1307 2317 1371 2369 II,
1404 2317 1480 2371 Sp.
1502 2318 1736 2359 Postumius
1765 2317 1940 2359 Albinus
1969 2318 2034 2370 II,
2073 2319 2120 2361 in
2150 2318 2236 2362 fur-

699 2373 811 2418 culis
848 2374 1045 2417 Caudinis
1075 2376 1290 2431 oceupati‚
1323 2377 1594 2419 exercituum
1624 2375 1945 2419 liberandorum
1977 2390 2130 2430 causa,
2170 2378 2234 2421 in-

697 2433 926 2476 honestam
956 2446 1107 2488 pacem
1130 2434 1358 2490 spondent.
1408 2435 1594 2478 Obsides
1616 2435 1785 2490 equites
1809 2433 1932 2478 Rom.
1956 2435 2043 2480 600
2065 2436 2234 2480 Samni-

698 2491 815 2535 tibus
836 2491 998 2545 traditi,
1022 2494 1156 2535 ceteri
1177 2494 1335 2538 milites
1358 2494 1482 2536 Rom.
1503 2497 1582 2550 per
1599 2495 1751 2550 iugum
1771 2494 1972 2538 traducti.
2014 2495 2231 2540 Samnites

698 2549 929 2594 Luceriam
966 2554 1227 2607 recuperant
1272 2555 1316 2596 et
1355 2552 1530 2596 obsides
1569 2553 1693 2596 Rom.
1734 2553 1796 2596 ibi
1837 2554 2060 2597 custodiae
2100 2568 2234 2599 causa

701 2609 934 2666 deponunt.
985 2610 1268 2654 Comitiorum
1299 2624 1432 2656 causa
1461 2611 1571 2655 fiunt
1602 2611 1651 2664 Q.
1673 2612 1838 2656 Fabius
1857 2611 2096 2657 Ambustus
2129 2614 2231 2657 dict.

700 2666 767 2721 (P.
789 2667 940 2712 Aelius
962 2669 1121 2713 Paetus
1145 2683 1257 2728 mag.
1281 2670 1383 2727 eq.),
1416 2673 1508 2714 tum
1539 2673 1771 2727 postquam
1799 2672 1834 2714 ii
1861 2672 1967 2714 vitio
1988 2672 2093 2715 facti
2114 2674 2232 2717 abdi-

701 2729 867 2780 carunt,
898 2727 967 2796 M..
986 2727 1198 2772 Aemilius
1237 2730 1383 2786 Papus
1424 2729 1526 2774 dict.
1567 2728 1642 2782 (L.
1659 2730 1860 2782 Valerius
1891 2731 2075 2774 Flaccus
2117 2745 2230 2788 mag.

340 2843 428 2886 320
506 2842 595 2886 434
657 2786 1236 2892 Οὲἓῦὶὶῗηῗαὲὲξῖἔθῗῗὲὶο
1267 2847 1364 2900 ΙΙΙ,
1395 2848 1449 2890 L.
1482 2848 1681 2902 Papirius
1710 2848 1786 2902 Sp.
1807 2850 1851 2902 f.
1889 2849 2038 2891 Cursor
2067 2849 2125 2890 II
2157 2862 2235 2904 per

698 2903 960 2958 interregem
999 2904 1170 2954 creati.)
1249 2906 1493 2961 Sponsores
1532 2907 1676 2962 pacis,
1723 2907 1980 2962 magistratu
2018 2907 2233 2956 abdicato,

703 2960 972 3004 Samnitibus
994 2962 1222 3016 deduntur,
1254 2977 1394 3020 neque
1414 2967 1560 3007 tamen
1581 2965 1634 3008 ab
1656 2965 1724 3008 his
1747 2966 2036 3021 accipiuntur:
2069 2966 2232 3009 bellum

701 3020 851 3076 populi
879 3021 1004 3063 iussu
1030 3025 1274 3064 renovatur.
1323 3023 1542 3073 Satricani
1561 3023 1616 3066 ad
1639 3023 1855 3066 Samnites
1878 3023 2098 3077 deficiunt,
2129 3026 2233 3067 Fre-

704 3078 845 3134 gellae
885 3080 938 3122 ab
976 3080 1132 3123 iisdem
1171 3083 1449 3136 occupantur.
1520 3082 1765 3125 Dictatores
1811 3084 1879 3125 ter
1925 3083 2129 3139 deinceps
2170 3084 2232 3126 rei

701 3137 915 3193 gerendae
957 3152 1090 3182 causa
1130 3139 1342 3182 dicuntur.
1414 3139 1514 3195 Cos.
1546 3140 1746 3196 Papirius
1784 3142 1831 3184 in
1861 3140 2064 3198 Apuliam
2103 3142 2231 3198 profi-

701 3196 892 3248 ciscitur,
913 3196 1126 3241 Publilius
1146 3199 1428 3255 ignominiam
1444 3199 1664 3255 legionum
1683 3199 1974 3243 Caudinarum
1989 3201 2035 3244 in
2053 3200 2230 3244 Samnio

701 3255 948 3307 ulciscitur,
986 3269 1136 3300 rursus
1176 3258 1301 3301 ambo
1314 3270 1431 3301 -cos
1463 3259 1708 3302 coniunctis
1718 3259 1878 3315 -eopiis
1919 3259 1973 3302 ad
2004 3259 2231 3302 Luceriam

697 3314 894 3370 vincunt,
926 3314 1086 3357 frustra
1102 3316 1348 3359 Tarentinis
1373 3330 1495 3359 suam
1514 3317 1889 3373 interponentibus
1913 3319 2229 3362 auctoritatem.

700 3372 959 3429 Istlssffl'ifflfll
989 3374 1162 3426 obsides
1186 3375 1376 3431 >,Romani
1404 3377 1682 3432 recipiuntur.

286 3481 298 3489 .
337 3429 424 3474 319
504 3429 593 3474 435
657 3424 852 3474 ΟΟΒῙἜῙ
876 3431 1074 3485 Papirius
1110 3433 1258 3476 Cursor
1288 3435 1377 3487 III,
1430 3434 1478 3484 Q.
1511 3432 1662 3477 Aulius
1697 3435 1937 3477 Cerretanus
1967 3434 2057 3484 II.)
2112 3434 2230 3478 Reli-

701 3490 827 3546 quiae
857 3490 1284 3545 belliconficiuntur,
1314 3492 1469 3536 Aulius
1491 3505 1590 3536 cum
1610 3493 1866 3537 Ferentanis
1891 3493 2092 3546 debellat,
2122 3493 2227 3549 Pap.
