2392 4016
143 358 274 395 mehr.
337 365 421 391 ιο.

140 622 261 698 Υ920
332 629 445 690 534,

173 1164 260 1223 219
341 1162 429 1210 535

174 1810 264 1860 218
345 1799 431 1856 536

177 2692 265 2754 217
342 2693 430 2739 537

580 207 633 249 ab
664 220 771 250 anno
800 220 839 248 a.
864 206 958 253 cnr.
990 208 1075 265 228
1108 219 1239 264 neque
1266 207 1322 249 ed
1351 221 1503 250 annum
1534 210 1636 250 ²1⁷.
2017 207 2076 257 88

535 409 626 444 cos.
657 397 902 442 vincuntur.
926 420 982 429 —
1002 398 1101 444 Hoe
1129 410 1244 445 anno
1265 395 1547 451 Reum-AL,
1579 399 1839 445 Hamilcaris
1859 399 1935 454 fil„
1963 399 2077 446 Hae-

533 455 712 505 drubale
753 460 944 511 mortuo,
991 456 1080 504 dux
1100 452 1356 503 'Poenorum
1393 458 1440 502 in
1469 457 1595 515 Hisp.
1643 457 1712 502 fit:
1752 472 1879 513 mox,
1919 461 2079 505 ceteris

537 518 659 565 trans
690 514 863 560 Iberum
895 515 1146 561 civitatibus
1178 516 1390 572 subactis,
1421 517 1612 561 animum
1642 517 1699 562 ad
1720 517 1979 575 Saguntum,
2010 532 2080 564 eo·

536 574 648 623 ciam
679 573 803 633 Rom.
837 575 1000 629 urbem,
1033 588 1149 633 expu
1182 575 1372 621 nandum
1402 575 1566 620 adiicit.

489 632 590 679 008¹.
609 632 676 677 Μ’.
699 633 900 679 Aemilius
929 634 1114 691 Lepidus
1166 635 1208 688 I,
1245 635 1310 679 M.
1331 634 1522 689 Valerius
1540 634 1750 679 Laevinus
1779 636 1930 688 creati,
1961 640 2080 694 poet-

538 696 667 750 quam
696 692 747 737 L.
765 692 972 738 Veturius
1003 691 1143 747 Philo,
1175 692 1224 740 G.
1246 693 1448 739 Lutatius
1472 692 1669 748 Catulus,
1701 695 1807 738 vitio
1839 694 1959 747 iacti,
1992 708 2079 738 ma·

459 749 462 755 '
539 751 727 809 gistratu
757 764 806 796 se
828 751 1096 807 abdicarunt,
1128 765 1214 810 qua
1232 753 1464 798 occasione
1488 751 1538 807 Q.
1565 753 1730 798 Fabius
1751 754 1863 797 Max.
1894 753 2081 798 dictator

537 811 724 868 primum
756 810 927 856 videtur
956 810 1108 856 fuisse.

597 868 814 915 Censores
845 869 896 915 L.
927 869 1082 914 Aemil.
1115 869 1286 926 Papus,
1327 869 1376 915 G.
1408 870 1652 915 Flaminius
1685 871 1833 923 (lustr.
1864 869 1950 924 43)
1979 885 2079 915 cen·

543 931 643 973 sent
673 928 833 973 civium
855 930 999 987 capita
1019 928 1211 984 270213,
1241 929 1469 975 libertinos
1500 931 1545 975 in
1575 930 1605 974 4
1625 930 1765 975 tribus
1797 931 1986 973 urbanas
2014 944 2079 974 re·

539 986 717 1045 diguut,
756 987 899 1047 legem
930 988 1138 1033 Metiliam
1177 988 1230 1033 de
1269 988 1506 1035 fullonibus
1546 1003 1572 1032 a
1608 989 1660 1034 T.
1692 989 1856 1033 Metilio
1889 989 2078 1034 Crotone

466 1046 469 1049 ’
539 1046 639 1092 trib.
672 1046 732 1104 pl.
764 1045 986 1091 ferendam
1017 1050 1173 1092 curant
1204 1047 1339 1100 (Plin.
1363 1047 1437 1102 35,
1460 1047 1586 1100 197).
1608 1097 1615 1104 ,
1634 1047 1683 1093 O.
1701 1048 1941 1092 Flaminius
1964 1050 2078 1092 viam

537 1105 768 1154 militarem
800 1106 1043 1150 Ariminum
1076 1119 1213 1163 usque
1242 1107 1397 1151 munit,

492 1163 594 1208 Cos.
627 1164 692 1207 M.
713 1165 863 1208 Livius
890 1164 1122 1219 Salinator,
1162 1165 1217 1208 L.
1247 1166 1449 1212 Aemilius
1469 1165 1659 1219 Paullus,
1692 1165 1819 1210 ambo
1850 1165 1947 1208 adv.
1976 1164 2080 1222 Illy·

539 1223 629 1275 rios
652 1237 680 1267 a
696 1224 907 1268 societate
929 1223 1227 1268 desciscentes
1246 1224 1446 1281 profecti,
1480 1224 1667 1269 Pharum
1689 1229 1861 1281 captam
1882 1224 2081 1278 diruunt;

539 1281 787 1327 Demetrius
819 1282 874 1326 ad
903 1282 1049 1340 Philip
1082 1296 1154 1328 um
1173 1283 1455 1328 Macedonem
1487 1283 1535 1327 fu
1570 1284 1622 1327 ἰι
1655 1296 1754 1328 cum
1777 1284 1944 1327 Pinneo
1977 1297 2081 1340 rege

539 1340 694 1386 foedus
724 1344 970 1385 renovatur.
1076 1354 1140 1386 os.
1183 1342 1299 1400 quod
1337 1356 1395 1387 ex
1431 1355 1535 1401 prae
1631 1342 1768 1387 multa
1806 1343 2081 1396 avertissent,

540 1402 815 1454 accusantur,
836 1413 1019 1457 quorum
1039 1400 1149 1445 alter
1171 1401 1397 1447 ambustus
1414 1401 1573 1455 evadit,
1605 1401 1717 1445 alter
1737 1402 1890 1446 Livius
1907 1401 2083 1446 damna?

539 1461 611 1503 tus
643 1459 689 1504 in
718 1458 1000 1503 solitudinem
1032 1471 1080 1503 se
1111 1459 1245 1504 abdit.

598 1516 854 1562 Placentiam
885 1521 930 1561 et
965 1518 1195 1563 Croenonam
1233 1532 1341 1564 sena
1380 1519 1501 1564 milia
1536 1518 1791 1564 colonorum
1822 1519 1918 1562 Lat.
1950 1518 2083 1563 dedu·

539 1579 709 1632 cuntur,
731 1575 848 1633 quod
869 1578 1108 1635 aegerrime
1132 1575 1249 1623 Galli
1271 1577 1428 1623 ferunt.
1478 1577 1650 1623 Primus
1673 1578 1868 1622 medicus
1887 1577 2082 1622 Graecus

540 1633 844 1694 Archagathus
876 1648 933 1680 ex
962 1636 1267 1694 Peloponneso
1289 1637 1471 1682 Romam
1494 1637 1629 1690 venit,
1660 1638 1786 1694 eique
1808 1638 1985 1681 civitate
2008 1637 2084 1681 do-

538 1697 666 1797 33501
673 1695 864 1797 {aben-na
899 1695 1074 1752 publice
1115 1697 1222 1741 artis
1261 1696 1531 1742 exercendae
1571 1709 1706 1741 causa
1742 1697 1924 1750 emitur,
1969 1697 2081 1742 Plin.

494 1810 595 1857 Cos.
625 1812 676 1855 P.
714 1812 924 1857 Cornelius
952 1812 1112 1869 Scipio,
1148 1813 1213 1856 Ti.
1234 1813 1500 1874 Sempronius
1525 1813 1737 1870 Longus.)
1799 1813 1996 1870 Sagunto
2028 1814 2083 1857 ab

542 1870 786 1916 Hannibale
817 1871 983 1925 excise,
1013 1885 1114 1916 cum
1146 1872 1307 1916 bellum
1339 1874 1492 1917 contra
1514 1871 1904 1929 Carthaginienses
1936 1873 2085 1917 decre·

539 1932 632 1976 tum
663 1932 784 1975 esset
813 1930 1051 1983 (secumdum
1082 1931 1226 1975 ὁεὶἰιιηι
1246 1929 1484 1985 Punicum),
1519 1929 1587 1976 Ti.
1610 1931 1778 1988 Sempr.
1811 1945 1909 1976 cum
1940 1932 2084 1976 classe

543 1991 588 2033 et
625 1988 822 2033 exercitu
857 1989 903 2032 in
935 1988 1152 2044 Siciliam,
1197 2003 1327 2048 quam
1368 1989 1542 2048 proprie
1571 1990 1627 2038 Π.
1660 1990 1872 2034 Aemilius
1911 1995 2085 2047 praetor

544 2044 783 2101 obtinebat,
814 2048 1013 2101 mittitur,
1043 2048 1145 2093 inde
1174 2049 1223 2094 in
1251 2048 1446 2095 Africam
1476 2050 1760 2095 traiecturus:
1793 2050 1841 2093 P.
1875 2049 2006 2093 Corn.
2037 2050 2083 2094 in

542 2105 724 2165 Hispan.
746 2105 981 2165 profectus,
1002 2120 1100 2152 cum
1123 2107 1412 2161 Hannibalem
1434 2108 1644 2153 Rhodano
1665 2109 1848 2152 traiecto
1871 2109 1926 2152 ad
1948 2109 2083 2165 Alpes

539 2166 1054 2269 235222232’21201213333’
1079 2166 1976 2272 3⁰·0r‘33⁰1a¹ss⁸²n{2n{¹3b32³⁸3a31”2³¹8000⁸⁰
1986 2169 2084 2271 Ἦξίἶ

540 2237 607 2328 ἰὴ.
645 2283 760 2328 inter
794 2257 951 2352 ’Gallos
990 2239 1185 2352 versaiipti
1221 2283 1276 2328 ad
1318 2285 1502 2354 Ticini-um
1541 2298 1711 2355 amnem
1750 2286 1964 2339 occurrit,
2006 2285 2085 2355 sed

541 2341 2083 2470 εᾛιᾛςῐᾝῑὲὲ183εείιέεοΘῆὲὲὲ.ε;;,ἐέἐ“ξῖ..ῖεῑθῑεέιὲ

535 2462 687 2512 catus,
729 2462 975 2507 coniunctis
1015 2473 1114 2505 cum
1152 2461 1324 2518 collega
1361 2462 1524 2520 copiis,
1562 2463 1659 2520 ipae
1691 2474 1863 2518 quoque
1894 2463 2085 2507 vincitur

541 2517 597 2564 ad
633 2518 823 2564 Ill-obiam
853 2531 1039 2567 amnem.
1100 2519 1317 2565 Hannibal
1350 2520 1396 2565 in
1426 2520 1610 2578 Liguria
1637 2520 1852 2567 hibernat.

601 2576 696 2622 Lex
730 2577 910 2622 Claudia
947 2590 974 2620 a
1005 2577 1055 2631 Q.
1089 2577 1270 2623 Claudio
1302 2578 1401 2624 trib.
1433 2578 1493 2636 pl.
1531 2578 1641 2634 lata,
1683 2592 1737 2623 ne
1776 2580 1876 2636 quis
1907 2583 2085 2624 senator

543 2635 802 2681 maritimam
834 2648 987 2681 navem
1018 2635 1210 2681 haberet.

493 2692 594 2739 Cos.
631 2694 701 2738 Ch.
724 2695 928 2739 Servilius
954 2695 1157 2749 Geminus,
1195 2695 1240 2739 C.
1262 2695 1491 2742 maenius
1510 2693 1651 2753 Νῳοε
1671 2696 1736 2748 11,
1775 2695 1872 2739 suff.
1905 2695 1969 2739 M.
1991 2696 2084 2739 Aa·-

545 2753 624 2796 ῑὶω
646 2751 873 2808 nequem.)
918 2752 1076 2807 Hann„
1107 2753 1418 2800 molestissimo
1444 2766 1526 2813 per
1556 2754 1737 2812 paludes
1769 2754 1886 2800 facto
1912 2756 2082 2807 itinere,

543 2810 589 2856 in
660 2823 715 2855 uo
755 2811 850 2868 ipse
892 2810 1029 2856 altero
1061 2812 1188 2857 oculo
1219 2812 1435 2870 privatur,
1475 2811 1692 2859 Etruriam
1725 2814 1951 2870 ingressus
1985 2826 2082 2857 cum

545 2867 594 2914 C.
626 2823 841 2915 {laminio
879 2870 940 2914 ad
978 2870 1107 2914 lawa·
1144 2870 1416 2917 statimne·
1448 2871 1667 2931 confligit,
1705 2875 1928 2929 totumque
1961 2885 2083 2916 exer·

545 2926 679 2973 citum
709 2926 836 2975 Rom.
875 2931 951 2973 aut
992 2928 1136 2975 caedit
1174 2943 1273 2976 cum
1312 2942 1419 2984 cos„
1465 2933 1542 2977 aut
1579 2931 1709 2989 capit.
1780 2931 1890 2975 Item
1930 2932 2083 2988 paucis

544 2984 698 3033 diebus
787 2989 831 3031 st
859 2986 979 3035 4000
1009 2988 1178 3046 equites
1210 2989 1264 3035 ab
1297 2989 1432 3036 altero
1463 3002 1553 3035 cos.
1586 2988 1782 3036 Arimino
1815 2991 2081 3047 praemissos

546 3043 677 3149 {2¹:3¹-
706 3044 1859 3162 mssssaiiufffssffbplffi‘ffiaeffoeiffl·‘⁰‘⁰5Y·
1890 3048 1935 3118 ³¹¹
1966 3049 2089 3150 *⁹¹13

962 3138 974 3159 ,
1017 3119 1044 3150 u
1076 3119 1091 3151 ι
1181 3119 1205 3149 v
1529 3138 1540 3150 .
1663 3123 1742 3152 uun
1826 3122 2000 3149 annun

543 3176 646 3216 pro,
724 3210 731 3216 ‚
896 3167 1021 3209 caute
1053 3168 1312 3218 versantem,
1344 3177 1483 3222 neque
1514 3177 1725 3211 summam
1755 3166 1819 3209 rei
1851 3166 1897 3210 in
1927 3165 2081 3210 discri-

549 3231 649 3264 men
687 3222 1042 3270 committentem.
1110 3222 1252 3268 Banu.
1294 3223 1340 3267 in
1373 3221 1521 3281 Camp.
1584 3223 1773 3269 reiectus
1812 3228 1857 3268 et
1888 3237 1986 3268 cum
2018 3225 2083 3269 in·

579 3277 669 3330 enti
728 3280 859 3333 neda
901 3283 1122 3327 revertens
1154 3282 1373 3327 Romanos
1403 3281 1504 3327 dolo
1535 3295 1559 3328 e
1579 3282 1692 3334 udit.
1732 3283 1844 3326 unde
1877 3282 2084 3327 audacior

621 3339 692 3381 tue
760 3369 778 3390 Ἴ.
809 3338 1023 3385 Ιίυιιοίιιι
1056 3339 1195 3385 Rufus
1227 3352 1339 3400 mag.
1372 3352 1456 3399 eq..
1494 3341 1569 3398 qui
1601 3355 1627 3387 a
1657 3355 1756 3400 pop.
1790 3341 1886 3398 lege
1919 3341 2085 3386 Hetilia

544 3407 694 3452 parem
734 3407 833 3451 cum
872 3396 1084 3444 dictatore
1125 3400 1385 3456 potestatem
1416 3404 1668 3458 acceperat,
1708 3400 1862 3444 incidit
1900 3401 1945 3444 in
1977 3401 2083 3445 inei-

547 3452 664 3509 dias,
704 3466 761 3499 ex
790 3455 947 3515 §nibus
978 3469 1056 3514 per
1085 3456 1270 3503 Fabium
1296 3457 1508 3504 liberatus
1547 3459 1727 3504 eandem
1769 3459 1871 3503 belli
1904 3459 2083 3516 gerendi

547 3514 759 3557 rationem
789 3514 957 3571 probat.
1005 3514 1055 3561 In
1076 3514 1203 3574 Hisp.
1234 3514 1284 3561 P.
1315 3519 1361 3566 et
1381 3516 1461 3563 Cn.
1485 3517 1716 3576 Scipiones
1739 3516 1909 3562 Iberum
1942 3523 2082 3563 trane·

545 3574 651 3618 eunt
677 3584 853 3631 remque
884 3586 1089 3632 prospere
1119 3577 1289 3634 gerunt.
1337 3574 1620 3622 Comitiorum
1652 3590 1785 3623 causa
1805 3576 1855 3622 Ι..
1875 3577 2081 3623 Veturius
