2392 4016
747 222 894 264 Graeci
926 237 1053 275 usque
1084 224 1137 266 ad
1168 238 1262 267 aun.
1300 229 1378 268 581
1417 243 1453 268 a.
1476 229 1571 271 Chr.

195 413 362 458 Eodem
392 413 482 459 fere
512 414 601 458 tem
633 425 708 458 ore
738 414 903 471 Iphitus
931 415 1065 462 Eleus
1095 416 1222 463 ludos
1253 417 1507 477 olympicos
1540 421 1729 467 instituit

196 471 400 519 Victores
421 472 574 518 horum
622 472 805 518 udorum
836 474 995 520 litteris
1026 476 1353 536 consignantur,
1385 491 1440 522 ex
1461 491 1547 536 quo
1568 478 1789 527 Coroebus

252 531 386 577 Eleus
418 544 549 576 cursu
578 532 686 576 vicit

198 591 299 631 Inde
329 590 596 643 Olympiades
623 597 901 643 numerantur,
943 594 1087 644 quinto
1127 605 1290 645 quoque
1326 607 1434 636 anno
1472 597 1604 636 medis
1637 603 1791 639 aestate

252 651 574 691 concelebratus.
1172 674 1180 683 ι

191 707 377 754 Athenis
408 709 637 778 archontes
669 708 930 754 decennales
960 711 1261 766 instituuntur,
1293 713 1458 770 primus
1489 713 1650 758 archon
1678 713 1790 759 Cha-

187 765 765 884 Marzpspssesggggzvfiginfi
810 840 947 872 annos
985 827 1190 872 obtinere
1221 829 1439 888 incipiunt
1475 830 1635 876 Milesii
1673 832 1789 876 colo·

247 885 422 943 niisque
455 885 694 930 condendis
725 885 883 930 florent

188 942 374 998 Phidon,
391 957 476 988 rex
505 944 710 1002 Argivus,
747 946 822 1002 qui
882 946 1018 990 rimus
1049 959 1276 992 mensuras
1307 948 1530 993 invenisse
1560 952 1606 993 et
1634 963 1788 1007 argen-

248 1005 340 1047 tum
372 1004 573 1061 signasse
603 1003 800 1058 traditur,
864 1008 959 1049 oret

191 1060 389 1107 Corinthi
408 1063 556 1109 occiso
578 1063 754 1107 Teleste
775 1076 879 1122 rege
900 1065 1033 1109 annui
1053 1067 1260 1123 prytanea
1280 1066 1581 1111 instituuntur.
1613 1067 1785 1112 Primus

250 1134 401 1166 eorum
430 1121 697 1167 Automenes

189 1206 525 1254 Lacedaemonii
554 1211 739 1268 primum
771 1223 870 1255 cum
899 1211 1120 1256 Messeniis
1149 1212 1311 1257 bellum
1341 1212 1645 1271 ingrediuntur

248 1268 391 1325 iisque
430 1269 629 1324 tandem,
667 1270 834 1315 Ithome
873 1273 1022 1328 capta,
1061 1272 1191 1316 victis
1230 1273 1537 1331 gravissimum
1574 1273 1783 1318 tributum

248 1328 479 1384 imponunt

188 1385 296 1431 Eius
328 1387 433 1432 belli
459 1390 654 1444 tempore
680 1388 958 1444 neopompus
979 1402 1058 1433 rex
1087 1390 1347 1445 ephororum
1373 1392 1634 1448 potestatem
1655 1390 1786 1448 Spar·

249 1447 321 1489 tae
350 1446 554 1491 instituit.

189 1504 409 1548 Parthenii
437 1505 766 1549 Lacedaemone
802 1503 987 1562 profecti
1016 1506 1258 1552 Phalantho
1289 1507 1400 1552 duce
1436 1508 1654 1551 Tarentum
1684 1521 1787 1552 con-

246 1563 356 1607 dunt

186 1621 418 1668 Rebellant
431 1622 640 1667 Messenii
655 1622 765 1668 duce
780 1624 1036 1668 Aristomene
1053 1623 1313 1677 (secundum
1329 1625 1432 1670 bell.
1446 1626 1781 1680 Messeniacum)

188 1681 396 1726 Messenii
425 1681 685 1726 adiuvantur
715 1696 742 1726 a
769 1683 957 1738 Pisatis,
994 1682 1261 1740 Arcadibus,
1298 1684 1500 1742 Argivis,
1538 1686 1698 1732 Laced.
1727 1687 1783 1732 ab

241 1739 365 1785 Eleis
395 1743 442 1784 et
471 1740 724 1785 Corinthiis.

190 1798 392 1857 Zyrtaeas
427 1798 710 1846 Atheniensis
749 1801 933 1845 canticis
979 1801 1242 1847 militaribus
1280 1801 1604 1860 recitandisque
1642 1803 1782 1861 elegis

243 1857 686 1904 Lacedaemoniorum
715 1858 878 1904 fractos
908 1859 1078 1905 animos
1109 1860 1166 1904 ad
1193 1860 1357 1906 bellum
1378 1861 1522 1906 acrius
1542 1862 1782 1919 gerendum

245 1918 464 1962 excitasse
494 1917 654 1963 dicitur

187 1975 377 2030 Pisatae,
409 1975 520 2020 duce
541 1975 843 2029 Pantaleonte,
873 1975 1172 2022 desciscentes
1193 1977 1247 2022 ab
1267 1976 1402 2031 Eleis,
1431 1977 1519 2036 ipsi
1539 1978 1781 2037 Olympicis

246 2034 361 2078 ludis
392 2037 602 2091 praesunt
632 2033 824 2088 (Strab.)

182 2090 336 2149 mgivi
366 2094 614 2150 superiores
644 2092 1003 2138 Lacedaemoniis
1035 2093 1081 2136 in
1110 2106 1260 2152 pugna
1289 2093 1345 2139 ad
1373 2094 1539 2148 Hysias
1575 2094 1745 2148 (Paua.)

183 2151 260 2193 Ira
288 2151 603 2196 Messeniorum
632 2165 712 2196 arx
741 2165 768 2195 a
797 2151 958 2195 Laced.
990 2149 1182 2208 capitur,
1221 2165 1321 2196 cum
1353 2152 1669 2207 Aristocrates,
1703 2154 1780 2199 Or·

242 2210 563 2313 ehomffiadex’
594 2211 740 2256 socios
771 2210 1015 2264 fefellisset,
1049 2211 1146 2268 ipse
1178 2218 1276 2255 eam
1304 2212 1361 2256 ob
1390 2224 1569 2258 causam
1600 2213 1779 2258 ultimus

241 2281 319 2312 rex
411 2281 435 2313 c
494 2282 567 2313 um

183 2325 372 2385 Gorgus,
402 2326 694 2372 Aristomenis
725 2326 864 2381 filius,
904 2329 949 2371 et
977 2327 1206 2372 Manticles
1238 2341 1294 2372 ex
1323 2328 1585 2375 Iamidarum
1615 2330 1781 2376 familia

237 2398 336 2431 cum
355 2386 585 2431 Messeniis
615 2387 662 2430 in
693 2386 863 2430 Italiam
893 2386 1103 2444 navigant
1122 2386 1179 2431 ad
1199 2386 1438 2445 Rheginos.
1485 2388 1588 2447 Ipse
1609 2388 1778 2435 Aristo·

239 2458 388 2548 inclines
418 2445 618 2494 Rhodum
657 2458 706 2490 se
747 2445 916 2490 confert
954 2445 1011 2489 ad
1040 2445 1327 2504 Damagetum
1358 2460 1588 2505 generum,
1628 2462 1776 2507 regem

263 2518 289 2547 a
307 2517 389 2561 ysi.

183 2590 367 2648 Propter
405 2590 647 2635 discordias
695 2591 960 2635 domesticas
1001 2589 1298 2635 Chersicrates
1338 2604 1395 2635 ex
1432 2592 1775 2638 Bacchiadarum

240 2662 399 2707 genere
431 2650 640 2694 Corintho
672 2650 889 2693 coloniam
920 2648 1097 2694 deducit
1128 2648 1239 2693 Corc

179 2707 378 2763 Archias,
410 2709 515 2753 item
545 2721 602 2752 ex
622 2708 896 2762 Bacchiadis,
928 2708 1077 2752 condit
1106 2708 1350 2765 Syracusas
1380 2708 1425 2752 in
1458 2707 1623 2763 Sicilia,
1655 2712 1775 2767 post·

270 2781 367 2811 uam
399 2780 512 2812 auno
543 2770 643 2810 aute
676 2766 988 2811 Chalcidenses
1019 2766 1191 2822 Naxon,
1222 2768 1404 2824 primam
1426 2766 1691 2813 Graecorum
1726 2770 1772 2814 iu

238 2780 392 2871 {icilia
421 2825 635 2869 coloniam
666 2825 940 2868 deduxerunt

180 2883 397 2929 Proelium
429 2883 581 2928 navale
612 2884 702 2928 anti
736 2884 978 2936 uissimum,
1008 2883 1123 2928 iuter
1142 2882 1391 2931 Corinthios
1421 2887 1467 2931 et
1487 2884 1771 2944 Corcyraeos,

237 2943 443 2987 classium
475 2946 685 3000 apparwu
746 2945 919 2987 orentes
950 2942 1185 3000 (Thucyd.)

185 3000 405 3059 cypseles,
447 3005 640 3046 materno
677 3014 836 3059 genere
875 3001 1215 3047 Bacchiadarum
1252 3002 1457 3048 familiam
1497 3004 1772 3062 contingens,

239 3065 451 3118 tyrannus
482 3058 531 3103 fit
562 3059 759 3106 Corinthi
789 3060 893 3117 (per
921 3059 981 3106 30
1011 3073 1147 3106 anuos
1179 3061 1336 3106 leniter
1364 3074 1411 3106 re
1474 3061 1545 3115 at)

181 3117 289 3163 Eius
321 3122 438 3162 metu
470 3118 726 3164 Demaratus
758 3117 1010 3164 Corinthius
1041 3120 1086 3164 iu
1117 3119 1363 3165 Hetruriam
1397 3134 1423 3163 a
1453 3121 1542 3164 isse
1573 3120 1770 3175 traditur,

242 3176 483 3232 Tarquinii,
514 3176 699 3222 Romani
725 3178 862 3235 regis,
891 3181 1028 3235 pater.

183 3231 398 3278 Corinthii
428 3238 474 3279 et
503 3233 737 3292 Corcyraei
767 3236 1053 3280 communiter
1082 3235 1274 3280 condunt
1305 3235 1589 3294 Epidamnum

186 3291 375 3349 Cypsela
406 3292 522 3336 lilius
543 3293 772 3338 Periander
796 3294 1008 3348 succedit,
1039 3295 1311 3352 suspiciosus
1342 3297 1388 3339 et
1416 3295 1604 3340 crudelis
1627 3295 1767 3340 factm

243 3351 427 3395 consilio
461 3351 725 3408 Thrasybuli
758 3351 929 3397 Milesii.
997 3351 1057 3406 (L
1092 3365 1143 3396 co
1176 3353 1282 3398 hron
1314 3352 1537 3399 Periandri
1576 3354 1634 3398 iil.
1666 3367 1770 3399 con·

240 3413 404 3512 {tamam
437 3423 462 3452 a
483 3408 742 3467 Corcyraeis
769 3366 1089 3468 interemptus}
1170 3423 1231 3456 er.
1262 3413 1444 3457 moritur
1461 3416 1565 3470 post
1583 3426 1764 3471 regnum

331 3481 538 3512 annorum

181 3525 222 3570 A
243 3527 560 3571 Psammeticho
592 3526 667 3583 qui
699 3527 739 3570 ei
770 3530 1059 3581 successerat.
1090 3527 1304 3574 Corinthii
1333 3530 1379 3574 iu
1405 3529 1647 3574 libertatem
1669 3542 1769 3576 sese

239 3585 474 3640 vindicant,
505 3586 567 3630 ita
597 3589 645 3629 ut
672 3587 902 3642 potestatis
934 3588 1069 3632 maior
1098 3600 1198 3645 pars
1229 3600 1364 3645 penes
1394 3589 1625 3645 optimates
1657 3590 1714 3633 sit

2071 234 2124 279 19

1828 378 1954 470 ..83²1-
1979 379 2124 424 Oly-p.

1850 540 1938 585 776
2049 543 2069 587 l
2098 544 2118 587 l

1847 774 1935 821 752
2044 778 2071 822 7
2099 779 2117 823 1

1846 891 1935 937 750
2044 894 2071 939 7
2093 895 2121 939 3

1847 1010 1934 1056 748
2044 1012 2072 1056 8
2099 1013 2117 1056 1

1847 1127 1936 1173 748
2043 1128 2073 1173 8
2097 1131 2116 1174 1

1847 1216 1933 1263 743
2043 1217 2071 1262 9
2092 1217 2120 1262 2

1844 1333 1931 1378 724
2018 1334 2069 1378 14
2097 1335 2115 1378 1

1843 1567 1932 1614 708
2015 1569 2070 1615 18
2095 1571 2113 1614 l

1844 1626 1932 1673 685
2012 1627 2071 1673 23
2090 1630 2116 1673 4

1841 1921 1930 1968 683

1839 2038 1927 2083 672
2006 2039 2064 2084 27
2094 2042 2107 2083 l

1838 2098 1925 2143 669
2007 2098 2064 2143 27
2088 2102 2112 2142 4

1838 2273 1927 2319 668
2006 2272 2064 2318 28
2092 2275 2106 2316 1

1836 2652 1924 2699 785
2007 2655 2056 2699 11
2080 2654 2108 2699 2

1834 2829 1920 2875 ‘134
2004 2830 2053 2874 ll
2079 2831 2107 2874 3

1831 2946 1919 2991 665
2000 2946 2058 2991 28
2079 2948 2105 2991 4

1827 3063 1916 3109 655
1995 3063 2048 3108 31
2077 3063 2105 3107 2

1829 3236 1917 3282 625
1996 3237 2054 3282 88
2075 3238 2104 3282 4

1828 3295 1916 3341 625
1995 3295 2055 3342 88
2075 3297 2103 3341 4

1828 3469 1917 3517 585
1995 3470 2054 3515 48
2074 3472 2101 3515 4

1828 3586 1910 3632 581
1993 3588 2054 3631 49
2072 3588 2100 3630 4
