2392 4016
609 170 662 209 ab
693 181 799 210 anno
831 182 872 221 p.
890 169 984 211 Chr.
1017 171 1103 212 865
1133 181 1261 222 usque
1291 172 1343 211 ad
1375 183 1526 212 annum
1558 172 1658 212 376.
2031 171 2118 218 187

16 296 22 355 ᾗ
188 324 227 357 p.
242 314 282 348 0.
349 325 385 348 n.
401 325 433 348 c.
512 317 600 358 imp.

15 358 22 421 ξ
658 361 871 464 ‚thenum
891 362 1052 467 {pactis
1073 362 1259 408 navibus
1278 365 1584 420 &ansgressus
1607 364 1958 409 Bucinobantnm
1976 368 2116 409 terras

16 427 26 451 ‘2
685 432 800 478 ongo
830 434 907 466 vas

186 477 274 523 372
338 477 453 525 1125
543 479 572 525 9
630 479 697 524 Fl.
719 480 910 525 Domitio
939 480 1136 526 Modesto
1168 483 1214 526 et
1241 480 1309 525 ΕΙ.
1331 479 1542 525 Arintheo
1572 493 1665 525 cos.
1697 482 1741 525 in
1773 481 1922 526 Africa
1940 483 2117 534 Ιτῖπιαι,

668 539 916 584 Maurorum
945 540 1146 597 regulus,
1184 539 1355 594 deficit,
1394 543 1440 584 et
1477 554 1504 584 a
1538 541 1880 598 provincialibus
1894 574 1905 594 ,
1947 541 2118 586 iniuriis

670 598 851 643 Romani
881 598 1066 644 Oomitis
1098 600 1337 656 oppressis,
1369 598 1611 644 adiuvatur.
1673 599 1836 643 Valens
1861 600 2119 645 Antiochiae

671 658 778 702 belli
807 658 977 702 Persici
1007 670 1142 702 causa
1172 661 1466 703 commoratur
1502 659 1870 715 quaestionesque
1911 659 2119 703 crudelis-

671 717 780 761 sime
810 716 942 761 habet
971 716 1026 761 de
1056 717 1127 770 iis,
1158 718 1234 773 qui
1263 718 1450 773 magicis
1471 718 1638 762 artibus
1660 730 1961 762 successorem
1992 730 2118 762 suum

670 777 934 887 pggffqigse
946 776 1270 878 ffiffloebmu‘·
1322 777 1595 830 Athanasius,
1626 777 1761 833 episc.
1783 776 2119 830 Alexandrinus,

725 867 736 878 .
801 847 861 879 au
918 846 945 878 o
977 847 992 878 ι
1014 867 1024 878 .

186 891 274 938 373
340 890 452 936 1126
518 892 574 938 10
636 893 940 938 Valentiniano
972 896 1018 938 et
1046 892 1232 938 Valente
1253 892 1398 951 Augg.
1421 892 1484 937 IV
1514 906 1605 939 cos.
1629 893 1827 938 Valentis
1859 895 1931 939 lex
1961 894 2015 939 de
2046 908 2120 939 cu·

339 966 341 968 ’
668 952 866 1007 delibus,
898 953 973 1010 qui
1003 953 1204 998 monachi
1233 952 1339 997 facti
1369 953 1479 1006 sint,
1510 953 1567 997 ad
1598 955 1761 998 curiam
1793 955 1887 998 sive
1918 954 2119 999 militiam

669 1011 927 1056 revocandis
959 1015 1035 1056 aut
1064 1012 1119 1056 ad
1151 1012 1362 1056 bonorum
1392 1013 1636 1057 cessionem
1668 1013 1896 1070 adigendis
1927 1012 2119 1065 (Theod.

672 1071 767 1115 cod.
801 1071 870 1125 12,
904 1072 945 1125 l,
976 1071 1072 1124 63).
1137 1072 1428 1126 Theodosius,
1459 1073 1669 1130 magister
1700 1074 1908 1129 equitum,
1939 1073 1984 1116 in
2007 1072 2121 1116 Afri-

674 1143 770 1175 cam
791 1131 967 1184 missus,
1001 1131 1148 1175 Firmo
1169 1130 1344 1176 devicto
1365 1134 1411 1175 et
1440 1131 1496 1175 ad
1516 1135 1698 1176 mortem
1730 1132 1899 1185 adacto,
1930 1132 2120 1188 quietem

223 1217 226 1219 -
671 1191 879 1234 restituit.

186 1247 276 1292 374
340 1246 453 1292 1127
517 1247 568 1291 11
635 1247 844 1294 Gratiano
864 1248 979 1306 Aug.
1001 1249 1066 1294 111
1097 1253 1142 1293 et
1172 1249 1222 1294 G.
1244 1249 1421 1306 Equitio
1442 1249 1627 1294 Valente
1658 1262 1750 1294 cos.
1774 1250 1915 1303 Quadi
1945 1253 1990 1293 et
2020 1250 2120 1294 Sar·

669 1312 826 1363 matae,
856 1307 1039 1366 perfidia
1068 1309 1193 1353 ducis
1217 1309 1402 1352 Romani
1422 1310 1643 1362 commoti,
1677 1310 1839 1353 bellum
1869 1313 2047 1352 movent
2076 1312 2122 1352 et

674 1369 720 1412 in
740 1368 1010 1412 Pannoniam
1031 1368 1256 1412 invadunt.
1307 1368 1425 1420 (Sub
1446 1368 1562 1412 idem
1584 1367 1674 1412 fere
1696 1371 1868 1425 tempus
1889 1368 2122 1412 Mediolani

666 1428 903 1539 {pii'sccssus
951 1431 1123 1471 creatur
1168 1428 1428 1482 Ambrosius,
1476 1440 1575 1471 cum
1621 1428 1867 1471 consularis
1913 1427 2120 1480 Liguriae

757 1499 804 1530 se

185 1540 273 1587 375
336 1541 451 1586 1128
516 1543 569 1587 12
633 1544 990 1598 Valentinianus,
1023 1545 1217 1589 Treviris
1256 1545 1448 1598 relictis,
1488 1543 1700 1588 Carnunti
1738 1545 2003 1588 constitutus
2035 1557 2122 1589 non

670 1604 813 1648 solum
841 1605 1040 1661 reprimit
1076 1605 1355 1648 barbarorum
1395 1606 1602 1658 conatus,
1642 1604 1721 1648 sed
1751 1604 1997 1648 Danubium
2036 1607 2121 1647 tra·

670 1665 813 1708 iectus
845 1676 995 1708 eorum
1025 1676 1166 1720 pagos
1198 1666 1356 1717 vastat,
1387 1663 1587 1707 homines
1618 1664 1814 1707 cuiusvis
1846 1664 2003 1707 aetatis
2033 1666 2122 1707 tru-

672 1723 803 1768 cidat.
871 1723 923 1767 In
961 1723 1154 1767 hibernis
1185 1723 1287 1766 dum
1319 1722 1655 1779 deprecantibus
1687 1722 1935 1775 Quadorum
1963 1722 2122 1779 legatis

670 1782 922 1827 iracundius
954 1782 1202 1838 respondet,
1233 1782 1478 1838 Birgitione
1510 1782 1566 1825 ad
1586 1782 1832 1826 Danubium
1863 1782 2008 1826 subito
2029 1782 2121 1826 ictu

673 1842 899 1899 sanguinis
931 1841 1204 1898 extinguitur
1230 1838 1367 1894 (Nov.
1393 1839 1482 1895 17.)
1512 1840 1572 1885 54
1602 1854 1740 1885 annos
1782 1845 1924 1885 natus.
1987 1841 2123 1898 Sepe-

670 1901 776 1945 litur
808 1900 1191 1958 Constantinopoli
1220 1899 1278 1945 28
1310 1900 1416 1944 Dec.

734 1959 1060 2004 GRATIANO
1090 1961 1291 2017 Augusto
1321 1959 1515 2004 Treviris
1544 1963 1853 2012 commorante,
1894 1958 2122 2002 VALEN-

677 2018 982 2063 TINIANUS
1011 2021 1166 2074 iunior,
1207 2032 1316 2076 puer
1346 2018 1619 2076 quadrimus,
1660 2031 1759 2062 cum
1789 2021 1926 2062 matre
1957 2019 2122 2062 Iustina

671 2079 726 2123 ab
768 2079 965 2123 exercitu
997 2079 1186 2131 accitur,
1225 2078 1415 2134 Aquinci
1453 2079 1494 2122 d.
1523 2077 1582 2122 22
1612 2077 1723 2122 Nov.
1755 2078 1982 2135 Augustus
2014 2091 2119 2121 nuu-

671 2141 877 2195 cupatur,
917 2150 1045 2195 quem
1085 2138 1222 2181 maior
1258 2137 1393 2181 frater
1432 2137 1639 2181 laudabili
1675 2150 1820 2181 amore
1852 2137 2120 2194 amplectens

676 2197 799 2248 (cum
829 2210 918 2241 non
948 2196 1099 2240 eadem
1131 2199 1260 2252 atque
1280 2197 1387 2254 ipse
1417 2199 1554 2240 matre
1585 2199 1714 2240 natus
1747 2196 1905 2251 esset),
1937 2209 2121 2253 regnare

671 2255 846 2312 quidem
884 2268 964 2312 per
1009 2255 1207 2300 Italicam
1254 2255 1573 2312 praefecturam
1611 2268 1764 2299 secure
1807 2256 1994 2312 patitur,
2039 2267 2121 2299 suo

669 2317 818 2359 tamen
848 2315 1032 2360 consilio
1063 2327 1215 2358 omnes
1247 2314 1498 2359 Occidentis
1529 2316 1776 2372 provincias
1808 2316 1935 2371 regit.

186 2372 274 2418 376
342 2372 456 2418 1129
520 2372 574 2418 13
636 2373 821 2419 Valente
859 2374 900 2418 V
942 2377 988 2418 et
1023 2374 1332 2418 Valentiniano
1370 2374 1515 2431 Augg.
1556 2386 1646 2418 cos.
1688 2373 1923 2418 Gratianus
1971 2373 2120 2417 multis

672 2433 1059 2478 constitutionibus
1082 2433 1234 2476 Italiae
1257 2434 1392 2477 statui
1414 2432 1619 2486 consulit,
1653 2434 1766 2476 bona
1796 2432 2054 2489 templorum
2075 2434 2121 2476 in

672 2494 829 2539 fiscum
869 2491 1031 2549 redigit
1072 2492 1411 2549 Vestalibusque
1457 2491 1686 2535 commoda
1722 2492 1922 2535 detrahit.
1999 2491 2121 2535 Idem

672 2552 978 2604 Maximinum,
1017 2550 1206 2595 ferocem
1243 2550 1378 2607 praef.
1409 2554 1561 2608 praet„
1588 2551 1809 2608 »supplicio
1842 2550 2002 2603 afficit,
2042 2550 2122 2595 sed

671 2611 825 2656 eodem
864 2610 1127 2664 sseodoeiue,
1157 2610 1359 2654 maximis
1390 2611 1519 2654 rebus
1551 2610 1705 2668 gestis,
1738 2610 2000 2667 Carthagine
2030 2608 2122 2653 affi-

674 2672 800 2716 citur.
851 2669 958 2713 Eius
989 2668 1106 2714 filius
1136 2668 1331 2713 eiusdem
1353 2669 1555 2723 nominis,
1585 2670 1662 2727 qui
1693 2669 1959 2714 fortitudinis
1989 2669 2121 2714 docu-

671 2731 820 2773 menta
839 2729 885 2772 in
906 2728 1132 2773 Pannonia
1153 2728 1361 2782 ediderat,
1394 2727 1585 2774 Oaucam
1605 2729 1652 2772 iu
1674 2729 1930 2786 Hispaniam
1951 2728 2120 2773 secedit

674 2791 719 2833 et
749 2799 854 2844 agro
886 2787 1070 2832 colendo
1101 2790 1241 2831 vacat.

733 2848 972 2891 Hunnorum
1002 2859 1135 2904 gens,
1166 2859 1339 2891 omnem
1367 2845 1555 2890 feritatis
1587 2845 1762 2890 modum
1793 2845 2033 2899 excedens,
2065 2858 2121 2890 ex

676 2906 840 2950 ultimis
873 2904 1005 2950 Asiae
1044 2906 1241 2963 partibus
1280 2904 1498 2962 profecta,
1536 2907 1718 2948 subactis
1747 2906 1919 2959 Alanis,
1958 2904 2120 2949 Gotho·

673 2978 769 3009 rum
799 2964 1006 3023 populos,
1038 2969 1159 3009 trans
1193 2964 1437 3008 Danubium
1468 2964 1687 3017 colentes,
1718 2965 1889 3021 premit.
1949 2964 2118 3017 (Amm.

673 3023 746 3078 31,
778 3023 838 3075 2.)
905 3024 1127 3080 Rev-vimi
1157 3024 1277 3076 (sive
1309 3023 1563 3079 Vieiqoelai),
1595 3023 1751 3079 iugens
1785 3023 2016 3067 multitudo
2047 3023 2120 3067 ho·

674 3084 838 3128 minum
871 3082 1013 3135 (circa
1051 3082 1257 3135 200000,
1297 3083 1372 3139 qui
1402 3094 1523 3126 arma
1558 3081 1670 3126 ferre
1702 3082 1925 3140 possent),
1957 3082 2122 3186 ⁸¹¹ae

673 3142 783 3187 citer
814 3145 988 3187 orantes
1029 3145 1140 3186 intra
1171 3142 1378 3185 Romanos
1403 3142 1518 3195 fines
1548 3142 1837 3197 recipiuntur,
1875 3154 1977 3186 mox

675 3202 937 3258 ekmyorms
974 3213 1164 3303 quoque¹
1185 3201 1304 3253 (sive
1340 3200 1700 3258 Oea-oyoehorun)
1746 3201 1897 3259 copiae
1947 3201 2120 3258 (quam-

673 3272 803 3318 quam
840 3260 978 3304 maior
1017 3259 1233 3319 populip
1204 3271 1305 3317 pars
1344 3263 1466 3305 trans
1505 3272 1675 3304 amnem
1714 3261 1758 3303 iu
1799 3260 1971 3304 dicione
2000 3260 2121 3304 Hun-

675 3331 829 3364 norum
850 3319 1090 3372 remansit),
1122 3318 1305 3363 Alatheo
1337 3322 1383 3364 et
1401 3318 1621 3377 Saphraee
1642 3319 1842 3372 ducibus,
1876 3319 2117 3364 Danubium

675 3379 869 3423 iniussae
900 3378 1135 3423 traiiciunt.
1193 3377 1284 3423 Sed
1314 3390 1413 3423 oum
1436 3378 1675 3436 Lupicinus
1699 3377 1856 3423 Comes
1887 3379 2120 3423 inhumano

676 3440 869 3482 mercatu
898 3437 1126 3494 perculsos
1157 3436 1347 3482 advenas
1377 3441 1569 3490 vexaret,
1603 3437 1854 3495 Thuringi,
1883 3438 1994 3483 duce
2026 3439 2120 3481 ffi-

678 3498 851 3613 {iffi
878 3495 1385 3614 3¹23.ffi25032⁰.2¹;‘.3.¹1¹31
1402 3497 1741 3615 fflssessifflm
1772 3501 1817 3542 ‘³‘
1846 3510 1990 3555 ⁸⁹⁰⁸
2022 3510 2119 3555 ¹³⁰
