2392 4016
567 153 619 191 ab
651 165 756 193 auno
787 166 828 204 p.
851 153 944 194 Chr.
978 155 1063 194 826
1096 166 1222 204 usque
1251 156 1305 195 ad
1336 168 1485 196 annum
1534 159 1634 197 841.
1977 159 2054 203 181

40 297 44 311 ’
129 296 214 337 p.C.
293 306 371 330 u.e.
450 298 532 340 imp.

39 394 43 401 Ι
611 346 798 412 perator,
829 344 1094 390 advocandis
1115 346 1384 400 architectis,
1406 348 1685 392 naviculariis
1707 361 1905 393 annonae
1926 360 2061 393 causa

34 432 45 542 ὲ
129 459 216 505 335
282 460 394 505 1088
454 459 513 505 30
574 402 797 505 effingis..
819 456 1126 515 Constantius,
1157 462 1348 519 Augusti
1378 462 1525 517 frater,
1560 463 1766 508 Ceionius
1801 465 1952 510 Rufius
1985 466 2058 509 Al·

612 520 756 574 binus,
788 521 983 565 consulis
1013 535 1051 565 a.
1074 522 1162 566 314
1181 520 1336 575 filius.)
1387 521 1727 567 Ecclesiasticae
1756 526 2059 569 contentiones

610 578 664 622 de
696 580 870 624 Arianis
901 580 1178 636 opinionibus
1209 580 1573 638 redintegrantur.
1634 583 1892 625 Athanasius
1921 579 1947 626 ὁ
1978 578 2059 641 ὀρ-

611 633 828 691 θόδοξοσ,
870 640 1006 696 episc.
1038 639 1288 692 Alexandr„
1326 641 1372 683 in
1411 640 1598 684 concilio
1639 641 1747 698 Tyri
1777 642 1947 695 habito,
1986 656 2057 685 vo-

612 697 728 742 lente
762 697 1071 751 Constantino,
1110 698 1351 742 damnatur.
1407 699 1521 743 'Post
1559 699 1675 756 quod
1705 701 1930 753 Eusebius,
1969 702 2059 758 epi-

611 769 772 814 scopus
805 756 1127 809 Caesariensis,
1169 757 1406 800 orationem
1446 757 1501 801 de
1532 757 1733 802 laudibus
1766 758 2058 812 Constantini,

610 815 869 859 tricennalia
910 827 992 858 sua
1029 815 1315 869 celebrantis,
1354 816 1502 860 habet.
1570 816 1654 870 Qui
1693 818 1867 874 quidem
1906 818 2058 862 eodem

611 886 725 917 anno
756 875 984 928 imperium,
1018 873 1155 918 multo
1188 875 1401 932 sanguine
1435 878 1628 932 partum,
1669 877 1906 920 secundum
1938 891 2058 934 prae·

609 933 815 986 secturae,
845 945 997 976 rursus
1028 935 1134 976 inter
1164 943 1246 976 tres
1262 935 1388 987 filios
1417 936 1577 988 dividit,
1610 935 1711 979 dum
1733 933 2059 979 Consum-1-

609 1001 714 1034 Νωι
748 991 918 1044 Galliis,
950 987 1327 1035 Cousmuwwn
1361 993 1549 1046 Orienti,
1582 990 1940 1038 Consua-rim
1975 995 2059 1038 lta·

608 1051 691 1095 liae
721 1049 931 1108 praeficit,
962 1065 1014 1095 ac
1044 1054 1218 1108 praeter
1247 1064 1323 1096 eos
1343 1052 1489 1097 fratris
1521 1052 1623 1097 filiis
1646 1052 1907 1097 Caesaribus
1931 1050 2058 1096 Du.-

609 1119 772 1152 nuvlo
795 1110 1056 1213 bIllyricum,
1100 1107 1455 1154 Ariminnum)
1493 1124 1628 1168 regna
1658 1113 1785 1155 Ponti
1825 1116 1870 1156 et
1909 1113 2059 1156 Arme·

233 1197 236 1200 -
606 1169 705 1212 niae
735 1169 792 1212 tri
824 1170 900 1213 uit.

122 1226 234 1270 336-
275 1226 388 1271 1089
447 1226 502 1270 31
568 1227 670 1272 Cos.
683 1228 767 1330 FPl.
798 1228 995 1331 Ρὲρίῐίυε
1028 1228 1322 1285 Nepotianus,
1364 1241 1513 1273 sorore
1554 1230 1827 1286 imperatoris
1867 1230 2057 1286 genitae,

609 1290 654 1331 et
722 1300 833 1331 acun
866 1300 931 1331 us.

122 1343 208 1388 337
276 1344 391 1388 1090
450 1344 508 1389 32
567 1346 791 1390 Feliciano
823 1349 868 1390 et
898 1346 966 1390 Ti.
989 1346 1125 1390 Fabio
1148 1346 1323 1389 Titiano
1355 1359 1445 1391 cos.
1469 1346 1783 1391 Constantinus
1816 1347 1941 1398 (Maii
1963 1346 2056 1399 22.)

606 1406 866 1462 baptismate
905 1407 949 1448 in
998 1406 1345 1449 communionem
1387 1405 1546 1449 Christ.
1588 1406 1815 1462 religionis
1853 1409 2056 1462 receptus

608 1476 722 1508 anno
754 1465 910 1508 aetatis
942 1464 1012 1507 64.
1044 1464 1193 1507 morbo
1225 1464 1418 1518 decedit,
1449 1477 1584 1521 prope
1615 1464 1936 1517 Nicomediam,
1969 1465 2059 1508 bel-

607 1523 697 1566 lum
729 1525 881 1566 contra
911 1523 1070 1566 Persas
1099 1536 1281 1578 parans,
1312 1535 1496 1580 quorum
1528 1536 1605 1566 rex
1636 1524 1820 1578 Sapore-3
1851 1524 1907 1565 ΙΙ
1932 1524 2056 1579 quin-

607 1594 692 1638 que
713 1582 963 1638 provincias
990 1584 1324 1638 recuperaturus
1347 1581 1423 1633 (cf.
1446 1595 1483 1624 a.
1506 1581 1613 1632 297)
1635 1583 1680 1625 in
1700 1583 2056 1638 Mesopotamiam

605 1641 937 1697 impressionem
958 1641 1134 1684 fecerat.
1191 1640 1711 1685 CONSTANTIUS-ab
1733 1641 1951 1698 Euphrate
1983 1641 2056 1683 ad·

606 1700 737 1753 volat,
769 1699 1032 1743 factionibus
1063 1700 1324 1743 militaribus
1355 1701 1558 1743 excitatis
1590 1700 1809 1756 patrueles
1841 1703 1885 1743 et
1915 1700 2057 1756 digni-

605 1762 697 1802 tate
730 1761 774 1802 et
804 1760 894 1802 vita
923 1759 1086 1815 privat,
1129 1761 1299 1818 ceteros
1339 1759 1470 1802 etiam
1509 1759 1775 1815 propinquos
1818 1771 1921 1801 suos
1961 1758 2057 1802 tolli

608 1820 684 1860 aut
712 1818 834 1861 iubet
865 1820 940 1860 aut
968 1818 1145 1873 patitur,
1177 1829 1359 1873 qnorum
1390 1818 1474 1861 soli
1505 1818 1806 1873 relinquuntur
1832 1817 1981 1860 Gallus
2010 1821 2056 1861 et

604 1877 820 1929 Iulianus,
867 1876 969 1920 Iulii
1009 1875 1257 1920 Constantii
1303 1875 1383 1919 filii
1420 1877 1682 1934 impuberes.
1757 1877 1857 1919 Tres
1890 1878 2056 1931 fratres

605 1936 788 1992 Auqusti
823 1934 970 1992 (Sept.
1003 1934 1063 1988 9.)
1101 1934 1480 1992 Constantinopoli
1525 1936 1715 1992 Augusti
1761 1935 2054 1991 appellantur:

608 1994 832 2051 Illyricum
864 2007 990 2038 omne
1021 1993 1151 2047 (cnm
1172 1994 1339 2038 Achaia
1368 1998 1413 2038 et
1443 1994 1770 2051 Peloponneso)
1802 1995 1908 2037 sorti
1942 1993 2054 2037 Con·

606 2054 764 2097 stantis
794 2054 1019 2107 adiicitur,
1058 2053 1207 2098 Africa
1243 2054 1358 2098 inter
1394 2054 1509 2097 hunc
1548 2057 1594 2097 et
1626 2053 1959 2096 Constantinum
1992 2053 2055 2096 di·

607 2112 782 2156 viditur.

122 2168 210 2213 338
275 2168 384 2212 1091
479 2169 506 2212 2
567 2169 669 2215 Cos.
701 2171 814 2214 Urso
853 2173 898 2214 et
938 2170 1133 2214 Polemio
1184 2169 1467 2215 Constantius
1514 2171 1562 2214 in
1612 2170 1785 2226 Syriam
1832 2168 2054 2226 profectus

605 2230 751 2273 statim
783 2232 885 2286 post
914 2229 1103 2273 divisum
1133 2242 1232 2272 cum
1263 2230 1470 2273 fratribus
1502 2229 1731 2285 imperium
1773 2241 1870 2271 cum
1903 2229 2050 2272 Persis

605 2289 768 2333 bellum
799 2288 926 2344 gerit,
958 2301 1044 2344 quo
1075 2301 1155 2345 per
1183 2291 1320 2333 totam
1348 2288 1484 2332 ferme
1515 2289 1649 2332 vitam
1681 2288 1907 2331 attinetur:
1951 2300 2055 2344 gna·

601 2348 714 2391 viter
742 2348 904 2392 bellum
937 2347 1196 2391 Antiochiae
1236 2352 1417 2405 apparat
1430 2380 1442 2400 ,
1484 2347 1561 2391 sed
1602 2347 1772 2390 animus
1804 2350 1949 2390 tamen
1980 2346 2053 2389 de·

603 2410 674 2450 est
709 2406 765 2450 ad
809 2419 1016 2463 magnum
1071 2406 1235 2463 aliquid
1280 2406 1539 2450 audendum.
1624 2404 1790 2449 Nisibis
1837 2419 1862 2448 a
1907 2405 2055 2448 Persis

603 2466 766 2509 frustra
796 2468 1084 2522 oppugnatur.

123 2524 210 2569 339
275 2523 387 2568 1092
478 2524 507 2567 3
569 2523 835 2581 Cos.-Augg.
859 2523 1143 2568 Constantius
1168 2522 1210 2567 11
1239 2526 1284 2566 et
1307 2521 1558 2573 Constans.)
1613 2522 1926 2565 Constantinus
1949 2521 2054 2564 Tre·

606 2583 736 2636 veris,
769 2582 1052 2627 Constantius
1083 2583 1130 2625 in
1160 2582 1312 2638 Syria,
1353 2581 1572 2626 Constans
1604 2580 1693 2624 fere
1725 2581 1873 2624 Sirmii
1904 2584 2053 2637 agunt.

122 2641 212 2686 340
275 2642 388 2686 1093
477 2642 506 2685 4
567 2641 669 2686 Cos.
702 2641 958 2698 Acyndinus
990 2644 1035 2684 et
1074 2641 1123 2684 L.
1157 2640 1344 2684 Aradius
1375 2640 1471 2684 Val.
1505 2640 1718 2684 Proculus
1751 2638 2054 2695 Populonius.)

611 2701 910 2753 Constantinus,
942 2700 1141 2757 portione
1163 2712 1243 2743 sua
1274 2711 1360 2743 non
1381 2702 1627 2751 contentus,
1658 2698 1903 2751 Constanti,
1932 2697 2055 2742 fratri

607 2772 711 2813 suo,
750 2759 911 2803 bellum
943 2758 1097 2812 infert,
1136 2758 1214 2802 sed
1245 2761 1408 2802 temere
1440 2770 1630 2815 pugnam
1663 2758 1888 2814 ingressus
1920 2769 1997 2812 pro

604 2818 850 2875 Aquileiam
888 2831 914 2860 a
951 2817 1183 2874 praefectis
1222 2816 1368 2862 fratris
1408 2830 1486 2874 per
1524 2817 1707 2861 insidias
1747 2817 1956 2867 caeditur,
2024 2815 2051 2858 4

606 2890 743 2921 annos
775 2880 926 2929 natus,
958 2888 1044 2933 quo
1076 2876 1192 2919 facto
1225 2875 1393 2920 Gallias
1424 2879 1678 2931 ceterasque
1710 2875 1847 2918 occid.
1882 2875 2053 2930 provin·

606 2937 698 2980 cias
732 2935 950 2979 Constans
982 2935 1243 2992 patrimonio
1274 2947 1356 2980 suo
1386 2934 1597 2990 adiungit..

123 2995 206 3039 341
258 2994 392 3045 ,1094
484 2995 511 3039 5
575 2994 676 3039 Cos.
708 2994 898 3038 Antonio
938 2994 1191 3037 Marcellino
1237 2996 1282 3037 et
1326 2993 1529 3037 Petronio
1567 2992 1755 3036 Probino
1796 2990 1949 3034 Indict.
1986 2990 2053 3034 14.

608 3053 827 3098 Constans
850 3052 1164 3097 sacrificiorum
1185 3053 1401 3096 insaniam
1422 3051 1585 3095 aboleri
1606 3050 1726 3094 iubet
1746 3049 1940 3102 (Theod.
1957 3049 2053 3092 cod.

612 3112 680 3166 16,
701 3112 770 3165 10,
793 3111 851 3163 2.)
900 3111 1199 3155 Proaeresium
1223 3111 1476 3167 sophistam,
1500 3109 1807 3161 Christianum,
1829 3109 1873 3151 in
1896 3121 2054 3163 magno

608 3171 772 3215 honore
814 3170 957 3214 habet.
1021 3170 1211 3213 Orientis
1252 3169 1502 3227 provinciae
1540 3168 1763 3212 acerrimis
1801 3167 2055 3210 Eusebiano-

609 3245 697 3273 runt
726 3229 843 3282 (cum
873 3228 1064 3273 Eusebio
1096 3229 1229 3285 episc.
1264 3227 1489 3273 Nicomed.
1510 3228 1694 3271 Arianas
1725 3226 1951 3282 opiniones
1982 3224 2054 3267 de·

608 3286 900 3339 tendentium)
946 3291 1099 3331 contra
1143 3288 1416 3330 Athanasium
1469 3285 1821 3331 contentionibus
1866 3297 2054 3327 commo-

608 3350 786 3391 ventur:
827 3346 901 3403 qui
941 3358 1037 3390 cum
1071 3344 1318 3390 Constantii
1355 3346 1480 3390 iussu
1518 3346 1650 3389 armis
1681 3343 1945 3388 Alexandria
1975 3343 2053 3386 ite·

609 3418 704 3450 rum
736 3405 903 3450 eiectus
935 3407 1068 3458 esset,
1100 3405 1280 3449 Romam
1301 3404 1512 3461 confugit,
1544 3416 1644 3447 mox
1665 3403 1947 3447 Constantem
1979 3414 2053 3458 pa·

608 3469 781 3510 tronum
808 3463 1080 3521 adipiscitur.

0 1140 14 1395 ,
