2392 4016
348 179 406 224 48
1060 178 1279 231 Imperium
1312 181 1570 222 Graecorum.

348 372 527 415 Mortem
560 372 664 425 obit,
697 385 796 417 cum
826 385 914 418 non
944 374 1108 417 servari
1139 387 1186 418 se
1218 376 1304 419 nisi
1335 375 1390 418 ad
1419 374 1683 431 trimphum
1706 373 1936 430 intelligat,

351 431 707 549 Clsszlalzssagegrss
725 491 910 536 Caesare
942 495 985 535 et
1015 491 1207 536 Antonio
1241 493 1364 536 liberi
1394 492 1579 536 masculi
1607 492 1738 536 morti
1770 491 1938 544 dantur,

409 551 499 595 filia
529 565 584 595 ex
613 550 803 595 Antonio
837 550 1066 607 Cleopatra
1106 554 1259 608 postea
1288 551 1420 595 Iubae
1451 552 1620 595 Maurit.
1652 552 1747 608 regi
1777 551 1938 607 nupsit.

348 609 576 726 Aeiffifffllts
597 611 823 666 provincia
842 609 1038 654 Romana
1057 609 1108 654 fit
1127 611 1167 653 d.
1190 610 1246 654 29
1269 610 1396 667 Aug„
1429 624 1527 655 cum
1548 610 1737 667 Augusti
1756 623 1938 667 regnum

885 843 938 895 c)
984 844 1172 900 Reqnum
1202 845 1410 900 Peryami.

350 959 610 1001 Philetaerus
642 958 835 1003 Graecus
868 973 1026 1016 genere
1058 974 1114 1003 ex
1145 961 1226 1004 Τ10
1258 961 1456 1014 Pontico,
1487 961 1725 1014 eunuchus,
1759 975 1785 1004 a
1814 961 1941 1018 Lysi-

410 1018 563 1060 macho
594 1031 698 1073 rege
730 1019 820 1060 arci
851 1032 901 1061 ac
931 1020 1180 1074 provinciae
1201 1020 1495 1076 Pergamenae
1524 1021 1815 1076 praepositus,
1845 1034 1941 1076 per-

409 1076 581 1118 turbata
611 1076 738 1119 domo
768 1076 1020 1131 Lysimachi
1049 1079 1175 1133 regni
1205 1078 1462 1134 Pergameni
1492 1077 1772 1121 fundamenta
1800 1080 1906 1122 iacit

410 1148 491 1177 nec
522 1137 667 1177 tamen
697 1136 793 1190 ipse
822 1147 902 1177 rex
933 1136 1187 1191 appellatur.
1250 1137 1566 1192 Octogenarius
1596 1138 1779 1180 moritur

349 1193 403 1236 Ei
442 1194 638 1236 succedit
674 1193 820 1237 fratris
859 1193 887 1236 f.
919 1195 1119 1237 Eumenes
1156 1196 1195 1247 I,
1234 1195 1310 1250 qui
1339 1194 1602 1238 Antiochum
1642 1195 1841 1238 Soterem
1888 1195 1943 1238 ad

411 1252 571 1296 Sardes
601 1253 766 1308 proelio
797 1253 935 1296 vincit
964 1256 1008 1296 et
1037 1256 1139 1309 post
1167 1267 1349 1310 regnum
1382 1254 1438 1296 22
1471 1267 1568 1296 31111.
1599 1255 1782 1297 moritur

351 1311 520 1354 Attalus
550 1313 581 1353 I
603 1312 709 1355 item
739 1312 974 1355 Philetaeri
1004 1312 1149 1356 fratris
1180 1312 1296 1356 filius
1327 1316 1430 1369 post
1459 1313 1687 1356 victoriam
1719 1313 1772 1356 de
1803 1313 1942 1357 Gallis

410 1373 672 1426 reportatam
703 1385 781 1413 rex
812 1372 1066 1427 appellatur.
1131 1371 1242 1420 Cum
1272 1371 1448 1416 Achaeo
1487 1372 1650 1415 bellum
1681 1373 1796 1428 gerit
1825 1373 1945 1416 varia

409 1429 588 1482 fortuna¹
613 1430 868 1474 221—215.

353 1487 462 1531 Cum
493 1489 694 1545 Philippo
724 1503 827 1546 rege
857 1489 1022 1532 Maced.
1055 1490 1196 1533 classe
1226 1492 1392 1546 pugnat
1423 1489 1479 1532 ad
1510 1489 1665 1532 Chium

353 1547 571 1591 Societate
603 1561 702 1591 cum
731 1549 940 1591 Romanis
972 1549 1179 1592 adversus
1210 1549 1459 1605 Philippum
1490 1549 1599 1592 inita
1618 1547 1802 1592 Athenis
1835 1549 1942 1592 divi-

410 1609 478 1650 nis
508 1621 647 1664 paene
676 1608 910 1651 honoribus
941 1609 1150 1664 recipitur

350 1666 587 1722 Postquam
615 1667 674 1710 44
705 1680 841 1710 annos
870 1668 1070 1722 regnavit
1096 1667 1246 1710 morbo
1277 1667 1459 1709 moritur

347 1725 548 1767 Eumenes
577 1727 650 1778 ΙΙ,
697 1725 835 1769 Attali
871 1725 1010 1779 filius,
1059 1726 1352 1768 Romanorum
1390 1725 1671 1768 fidelissimus
1711 1726 1858 1768 socius
1896 1726 1943 1768 111

405 1785 521 1827 bello
561 1798 659 1828 cum
697 1784 912 1827 Antiocho
943 1785 1122 1841 Magno,
1162 1797 1271 1840 pace
1310 1784 1426 1827 facta
1463 1785 1671 1827 maiorem
1702 1782 1833 1828 Asiae
1876 1785 1941 1828 cis

407 1843 598 1886 Taurum
642 1846 811 1899 partem
858 1846 902 1886 et
943 1843 1263 1887 Chersonesum
1309 1856 1408 1886 cum
1457 1842 1741 1899 Lysimachia
1784 1844 1944 1934 accipit

407 1900 426 1950 (
436 1902 552 1957 quod
581 1903 676 1958 ipse
707 1903 870 1945 Romae
904 1901 1072 1955 effecit)

346 1959 646 2003 Bibliothecae
677 1961 970 2017 Pergamenae
1003 1961 1201 2004 conditor
1229 1959 1279 2003 fit
1313 1973 1392 2016 per
1422 1959 1773 2003 aemulationem
1786 1972 1939 2016 regum

404 2017 810 2063 Alexandrinorum.
843 2018 1025 2072 (Crates
1046 2020 1246 2063 Mallotes
1269 2019 1578 2075 grammatic-us
1599 2018 1800 2074 idemque
1820 2019 1938 2075 regis

407 2077 461 2120 ad
492 2081 691 2121 senatum
722 2079 964 2122 Romanum
995 2077 1196 2135 legatus)
1463 2103 1466 2106 Δ

349 2134 458 2179 Cum
488 2136 644 2179 Prusia
673 2137 906 2193 Bithyniae
946 2151 1051 2194 rege
1081 2137 1244 2180 bellum
1283 2149 1439 2192 gerens
1483 2136 1537 2178 ab
1567 2135 1812 2178 Hannibale
1843 2148 1939 2192 pre-

405 2195 551 2248 mitur,
583 2195 662 2238 sed
691 2196 983 2239 Romanorum
1012 2197 1274 2239 interventu
1288 2195 1451 2238 bellum
1482 2195 1767 2250 componitur.
1824 2195 1942 2237 Han-

406 2253 524 2295 nibal
556 2253 610 2296 ad
639 2257 822 2297 mortem
853 2255 1044 2310 adigitur

346 2310 480 2363 Idem,
513 2312 632 2354 socio
663 2312 888 2356 Ariarathe
919 2312 1190 2369 Cappadoce,
1219 2310 1383 2354 bellum
1413 2311 1526 2367 gerit
1556 2309 1652 2352 adv.
1674 2310 1940 2353 Pharnacem

405 2370 535 2412 Ponti
563 2384 724 2427 regem,
757 2373 1044 2440 compositum
1077 2383 1189 2413 311110

346 2428 528 2471 Romam
566 2429 661 2485 ipse
701 2430 812 2484 adit,
859 2432 905 2473 in
951 2431 1094 2473 reditu
1131 2428 1312 2485 Delphis
1359 2426 1515 2470 incidit
1550 2427 1597 2469 111
1633 2426 1875 2483 periculum
1914 2440 1940 2468 a

405 2487 565 2530 Perseo

345 2546 469 2589 Bello
501 2548 594 2588 orto
624 2546 738 2588 inter
767 2546 986 2589 Romanos
1019 2548 1063 2588 et
1093 2546 1301 2588 Perseum
1332 2544 1508 2587 adiuvat
1537 2544 1757 2586 Romanos

347 2604 437 2647 Sed
465 2605 593 2647 tertio
634 2605 728 2648 eius
767 2606 873 2648 belli
910 2618 1022 2647 anno
1055 2606 1224 2647 secreto
1256 2604 1311 2646 ad
1340 2604 1549 2648 Perseum
1579 2603 1782 2656 inclinat;
1822 2602 1938 2678 victo

406 2664 482 2706 illo
512 2664 766 2719 prohibetur
796 2665 979 2707 Romam
1010 2664 1159 2706 venire

346 2721 401 2764 Ei
447 2722 644 2765 succedit
690 2723 860 2765 Attalus
897 2725 955 2765 II
995 2723 1294 2777 Philadelphus
1338 2720 1470 2802 frater
1517 2718 1598 2772 (ab
1644 2733 1683 2762 a.
1726 2718 1809 2763 159
1842 2731 1939 2775 usq.

407 2781 463 2823 ad
496 2780 618 2831 138).

346 2839 515 2882 Attalus
544 2840 628 2881 III
651 2840 912 2892 Philometor,
943 2839 1151 2882 Eumenis
1183 2838 1320 2891 filius,
1359 2850 1542 2894 regnum
1574 2849 1701 2880 suum
1731 2836 1938 2879 Romanis

407 2898 519 2941 dono
551 2898 625 2941 dat

346 2958 616 3010 Aristonicus,
647 2957 769 3013 regio
803 2967 960 3012 genere
992 2956 1126 3007 ortus,
1165 2954 1234 2997 ius
1267 2967 1393 2997 suum
1424 2955 1539 2996 tueri
1567 2953 1728 2996 frustra
1758 2955 1938 2996 conatus

405 3017 592 3058 vincitur
624 3030 648 3058 a
678 3016 910 3084 Perperna,
942 3026 1032 3056 cos.
1063 3014 1204 3066 Rom„
1236 3026 1286 3056 ac
1319 3013 1535 3068 supplicio
1567 3011 1755 3054 afficitur

347 3075 547 3131 Regnum
576 3075 622 3118 iu
651 3074 900 3130 provinciae
930 3072 1113 3116 formam
1143 3072 1380 3125 redactum,
1417 3070 1526 3114 Asia
1554 3071 1727 3126 proprie
1758 3084 1784 3113 a
1812 3070 1937 3114 Rom.

405 3136 597 3177 vocatur.

779 3278 782 3280 v
857 3309 888 3349 d
894 3306 918 3358 )
965 3308 1152 3362 Reynum
1181 3307 1421 3363 Bithyniae.

347 3426 551 3480 Zipoetes,
589 3426 766 3482 regulus
797 3423 1108 3479 Bithynorum,
1149 3425 1264 3467 inter
1294 3425 1597 3468 contentiones
1631 3434 1934 3466 successorum

405 3483 642 3526 Alexandri
671 3485 726 3526 M.
757 3495 940 3539 regnum
969 3484 1155 3538 patrium
1187 3486 1339 3527 contra
1368 3483 1678 3540 Lysimachum
1709 3484 1754 3524 et
1780 3479 1933 3524 Antio-

407 3543 535 3585 chum
567 3542 743 3586 Seleuci
772 3544 928 3586 tuetur.

1966 337 1997 363 a.
2007 328 2090 363 Chr.

2021 434 2080 479 30

1993 1078 2079 1122 283

1992 1137 2080 1181 263

1993 1253 2075 1297 241

1993 1489 2076 1533 201

1992 1606 2081 1650 200

1995 1665 2078 1708 197

1993 1899 2078 1943 189

1993 2248 2078 2292 183

1993 2366 2076 2409 179

1992 2482 2076 2525 172

1991 2541 2071 2584 171

1993 2658 2076 2701 167
2118 2633 2121 2634 ⁷

1993 2893 2077 2938 133

1993 3011 2078 3054 130

2131 329 2276 373 Olymp.

2142 435 2224 479 187
2249 436 2275 479 3

2144 1078 2226 1121 124
2250 1079 2276 1121 2

2144 1606 2228 1650 145
2253 1608 2273 1649 1

2144 1666 2227 1709 145
2249 1667 2277 1708 4

2142 2250 2226 2293 149
2248 2250 2274 2292 2

2141 2540 2224 2586 152
2247 2542 2274 2585 2

2141 2889 2222 2938 161
2246 2895 2274 2937 4

2141 3011 2224 3054 162
2248 3011 2275 3055 3
