2392 4016
387 189 440 233 76

386 335 506 368 aoht.

414 500 500 544 279

412 796 499 839 278

412 1208 497 1250 277

411 1444 497 1487 276

383 1896 385 1898 ,
412 1860 498 1904 275

414 2277 501 2320 274

415 2395 501 2440 273

414 2808 500 2850 272

417 3280 498 3322 271

598 346 632 368 u.
650 346 678 368 c·

571 500 668 546 -475

577 797 664 840 476

579 1208 665 1251 477

578 1446 666 1489 478

579 1862 666 1905 479

582 2277 670 2321 480

581 2394 664 2438 481

581 2808 668 2852 482

582 3281 669 3324 483

1156 190 1334 231 Annales
1366 193 1538 232 Romani

837 381 931 426 Hoc
972 397 1008 426 a.
1048 383 1127 427 Cn.
1160 383 1376 426 Domitius
1419 382 1624 427 Calvinus
1662 386 1816 439 primus
1846 401 1984 427 censor
2021 387 2068 428 de
2093 388 2212 441 plebe
2251 386 2312 430 lu·

778 443 913 485 strum
947 442 1059 494 (32.)
1093 443 1252 486 condit.
1317 442 1461 485 Censa
1491 443 1651 486 civium
1683 444 1826 499 capita
1857 444 2045 488 287000.

730 501 830 545 Cos.
863 502 913 543 P.
937 503 1149 557 Sulpicius
1179 503 1388 553 &vera-io,
1422 502 1472 544 P.
1495 503 1650 544 Decius
1671 503 1782 556 Mus,
1821 504 1945 546 ambo
1979 503 2186 547 adversus
2209 505 2313 560 Pyr-

778 560 900 603 rhum
935 563 1114 617 eiusque
1136 562 1280 605 socios
1305 561 1501 616 profecti,
1534 561 1590 604 ad
1610 562 1802 605 Asculum
1823 563 1868 605 in
1889 562 2047 617 Apulia
2068 565 2312 616 vincuntur,

778 621 823 662 in
864 633 948 675 qua
985 634 1132 677 pugna
1163 621 1211 663 P.
1243 621 1405 663 Decius
1446 621 1620 664 occisus
1651 621 1834 664 traditur
1866 635 1891 664 a
1923 622 2154 664 nonnullis.
2227 622 2314 665 Sed

781 680 910 722 etiam
931 680 1124 735 Pyrrhus
1156 680 1390 722 maximum
1422 681 1644 762 copiarum
1672 672 1980 724 detrimentum
2013 682 2206 724 sentiens
2231 682 2313 724 'la-

777 740 947 781 rentum
977 739 1102 782 redit.

727 796 826 840 Cos.
865 798 908 841 C.
940 799 1159 841 Fabricius
1188 798 1392 840 Luscinus
1421 798 1486 851 ΙΙ,
1533 797 1583 847 Q.
1613 799 1814 841 Aemilius
1844 799 1987 853 Papus
2018 799 2080 840 II
2082 798 2108 850 )
2162 799 2316 842 Oblata

787 857 962 900 occasio
994 858 1112 914 regis
1146 869 1310 900 veneno
1343 857 1528 900 necandi
1559 871 1585 900 a
1614 870 1703 901 cos.
1735 859 1967 914 spernitur,
2001 871 2139 913 neque
2170 860 2314 901 tamen
2364 899 2370 904 ,

780 916 897 971 regis
930 916 982 959 de
1014 930 1122 972 pace
1143 916 1278 972 legati
1298 917 1584 972 accipiuntur,
1615 918 1866 973 priusquam
1887 917 2013 960 Italia
2034 918 2311 960 excessisset.

778 975 970 1029 Pyrrhus
1002 976 1048 1022 in
1070 975 1275 1023 Siciliam
1305 976 1476 1028 transit,
1509 977 1830 1019 arcessentibus
1864 976 2167 1032 Syracusanis.
2229 977 2314 1018 Ro·

778 1046 1000 1076 manorum
1032 1047 1130 1076 cum
1155 1034 1297 1077 Carth.
1329 1033 1483 1077 foedus
1515 1037 1715 1090 quartum
1744 1039 1988 1078 renovatur.
2040 1036 2213 1078 Interea
2233 1036 2314 1078 Fa-

777 1092 941 1135 bricius
973 1105 1065 1134 rem
1097 1093 1210 1147 gerit
1240 1091 1426 1135 feliciter
1457 1093 1553 1136 adv.
1583 1093 1820 1146 Samnites,
1856 1094 2072 1148 Lucanos,
2103 1095 2313 1147 Bruttios,

781 1151 1056 1203 Tarentinos,
1087 1153 1145 1193 et>
1161 1150 1416 1194 Heracleam
1446 1151 1620 1194 foedere
1652 1153 1868 1208 astringit.

730 1208 830 1253 Cos.
862 1210 912 1252 P.
942 1210 1150 1253 Cornelius
1172 1210 1314 1263 Rufin.
1335 1210 1401 1262 II,
1436 1210 1482 1253 C.
1506 1211 1651 1252 Iunius
1669 1211 1796 1254 Brut.
1819 1212 1931 1254 Bub.
1954 1210 2045 1262 II.)
2097 1211 2313 1254 Samnites

776 1271 946 1326 urgent,
994 1269 1071 1312 sed
1101 1269 1275 1312 incaute
1307 1271 1487 1325 agentes
1527 1270 1580 1313 ab
1610 1269 1765 1313 iisdem
1797 1270 2039 1326 desperatis
2071 1270 2192 1313 clade
2224 1271 2314 1313 affi-

778 1329 963 1371 ciuntur.
1010 1329 1124 1371 Dum
1153 1328 1348 1384 Pyrrhus
1380 1341 1550 1372 omnem
1581 1328 1671 1372 fere
1703 1329 1899 1372 Siciliam
1928 1331 2067 1373 victor
2098 1333 2313 1386 peragrat,

779 1388 962 1434 Rufinus
985 1401 1084 1431 cos.
1119 1387 1352 1431 Crotonem
1385 1390 1428 1431 et
1457 1388 1622 1432 Locros
1654 1391 1852 1445 occupat.

730 1446 829 1491 Cos.
858 1447 906 1496 Q.
924 1449 1082 1490 Fabius
1102 1447 1312 1494 Maximus
1328 1447 1490 1502 Guryes
1509 1448 1574 1499 II,
1611 1448 1655 1490 C.
1681 1448 1883 1491 Genucius
1902 1447 2132 1503 C'lepsina.)
2166 1448 2215 1501 Q.
2233 1449 2314 1491 Fa-

756 1507 873 1550 bius
907 1507 1165 1550 Samnitium
1204 1506 1565 1562 Lucanorumque
1598 1520 1703 1563 opes
1743 1507 1920 1564 affligit:
1962 1508 2176 1563 Pyrrhus,
2216 1521 2314 1550 cum

777 1566 1034 1618 Lilybaeum
1066 1566 1269 1608 diuturna
1299 1565 1525 1609 obsidione
1557 1580 1807 1623 expugnare
1839 1580 1926 1610 non
1957 1567 2187 1622 potuisset,
2227 1568 2314 1609 Ma-

777 1626 985 1668 mertinos
1007 1625 1279 1681 aggreditur,
1304 1625 1382 1668 sed
1403 1625 1504 1668 dum
1523 1625 1766 1681 imperandi
1786 1626 1931 1669 studio
1953 1627 2156 1682 abreptus
2178 1627 2313 1668 multa

776 1685 965 1737 molitur,
997 1685 1141 1728 subito
1173 1685 1440 1740 Syracusani
1470 1686 1690 1740 ceterique
1721 1686 1831 1728 socii
1863 1685 2080 1728 deficiunt.
2145 1686 2196 1728 In
2228 1686 2311 1728 Ita-

777 1744 879 1786 liam
916 1756 1140 1796 reversus,
1178 1744 1540 1799 persequentibus
1583 1743 2040 1800 Carthaginiensibus,
2082 1745 2312 1801 sacrilegio

777 1802 937 1846 frustra
968 1803 1215 1846 debilitates
1249 1815 1353 1859 opes
1386 1816 1586 1858 reparare
1618 1803 1779 1847 studet.

729 1860 828 1905 Cos.
860 1863 922 1904 M
924 1864 947 1904 '.
978 1863 1124 1904 Curius
1143 1863 1350 1905 Dentatus
1379 1863 1443 1915 II,
1475 1863 1528 1904 L.
1557 1863 1766 1906 Cornelius
1785 1862 2024 1914 Lentulus.)
2063 1859 2132 1905 M'.
2156 1862 2312 1905 Curius

779 1921 951 1965 delectu
990 1934 1140 1965 severe
1182 1922 1352 1975 habito,
1386 1922 1437 1964 -in
1470 1921 1709 1977 Samnium,
1733 1921 1976 1977 profectus,
2018 1935 2116 1964 eum
2146 1922 2312 1977 Pyrrho

779 1980 977 2037 confligit
1022 1981 1089 2024 ad¹
1117 1982 1390 2023 Beneventum
1424 1979 1549 2034 (tum
1587 1980 1902 2032 Maleventum)
1941 1994 2124 2037 eumque
2165 1982 2311 2024 vincit.

778 2040 888 2093 Rex,
910 2040 1078 2083 Milone
1110 2041 1156 2083 in
1186 2041 1404 2096 praesidio
1434 2041 1547 2083 escis
1571 2040 1831 2084 Tarentinae
1850 2040 2019 2092 relicto,
2051 2041 2227 2096 Epirum
2248 2054 2312 2083 re-

780 2100 903 2155 petit,
937 2101 1063 2155 quasi
1094 2100 1280 2143 maiores
1313 2100 1462 2155 copias
1495 2099 1772 2144 collecturus.
1836 2099 1966 2144 Ceus.
1999 2074 2047 2143 C.
2071 2100 2312 2153 Fabricius,

780 2158 829 2209 Q.
850 2157 1061 2201 Aemilius
1084 2159 1228 2215 Papus
1259 2159 1444 2202 lustrum
1477 2157 1590 2211 (33)
1622 2159 1836 2213 condunt;
1875 2172 2008 2202 censa
2045 2160 2204 2202 civium
2244 2173 2312 2202 ca-

777 2218 869 2273 pita
899 2217 1088 2260 271224.

731 2276 833 2320 Cos.
865 2277 952 2319 M'.
991 2277 1137 2319 Curius
1166 2277 1372 2318 Dentatus
1402 2255 1492 2330 ΙΙΙ,
1524 2277 1617 2319 Ser.
1655 2277 1864 2319 Cornelius
1893 2270 2134 2328 Merenda.)
2171 2275 2312 2320 Ambo

780 2344 871 2379 008
905 2336 1137 2388 Samnites,
1170 2336 1386 2388 Lucanos,
1417 2309 1612 2379 Bruttios
1644 2339 1975 2392 persequuntur

732 2394 832 2438 Cos.
871 2396 914 2438 C.
947 2397 1105 2438 Fabius
1133 2396 1286 2447 Dorso,
1333 2394 1429 2438 suff.
1465 2394 1513 2438 G.
1545 2395 1772 2438 Fabricius
1803 2395 1883 2448 III,
1935 2396 1978 2438 C'.
2014 2396 2211 2437 Claudius
2236 2397 2313 2438 C'a-

778 2456 876 2497 nina
895 2454 986 2506 II.)
1036 2454 1292 2510 Triumphat
1313 2453 1362 2497 C.
1379 2453 1588 2498 Claudius
1622 2468 1711 2498 cos.
1743 2455 1796 2498 de
1817 2455 2007 2497 Lucanis
2028 2455 2311 2510 Bruttiisque.

782 2513 989 2557 Coloniae
1027 2513 1123 2557 Lat.
1162 2513 1434 2556 deducuntur
1471 2514 1663 2556 Paestum
1704 2511 1777 2566 (8.
1800 2514 2104 2563 Posidoniam)
2144 2515 2190 2556 in
2228 2514 2312 2556 Lu-

779 2574 915 2626 canis,
952 2573 1096 2616 Cosam
1126 2573 1172 2616 in
1202 2573 1415 2626 Etruscis,
1447 2572 1501 2616 cf.
1534 2573 1646 2616 Plin.
1679 2576 1766 2616 nat.
1798 2573 1899 2616 hist.
1932 2573 1973 2625 3,
2007 2573 2047 2616 8.
2100 2573 2257 2629 Legati
2288 2588 2313 2615 a

786 2632 1035 2676 Ptolemaeo
1067 2631 1350 2687 Philadelpho
1381 2632 1506 2676 missi
1537 2632 1589 2675 de
1610 2632 1777 2688 Pyrrho
1807 2633 1923 2675 victo
1955 2633 2239 2688 gratulantur,
2270 2635 2314 2674 et

781 2691 932 2735 foedus
965 2691 1131 2734 faciunt
1161 2704 1259 2734 cum
1289 2691 1413 2734 Rom.
1475 2691 1662 2734 Sextilia
1690 2692 1814 2747 virgo
1838 2691 2030 2735 Vestalis
2061 2692 2220 2734 incesti
2240 2691 2312 2733 da-

780 2753 927 2794 mnata
955 2750 1171 2794 defoditur
1198 2751 1244 2793 in
1274 2753 1401 2793 terra.

731 2808 832 2853 GOS.
870 2811 924 2852 L.
957 2811 1155 2864 Papirius
1191 2810 1339 2852 Cursor
1369 2810 1441 2861 II,
1487 2809 1563 2864 Sp.
1602 2806 1806 2851 Carvilius
1842 2809 1962 2851 Max.
1995 2807 2099 2859 ΙΙ.)
2145 2809 2312 2863 Pyrrho

780 2881 883 2924 rege
913 2867 1045 2924 Argis
1076 2869 1236 2921 occiso,
1258 2869 1464 2911 Samnites
1493 2882 1519 2910 a
1550 2868 1624 2924 Sp.
1650 2868 1838 2911 Carvilio
1869 2881 1958 2911 008.
1991 2870 2050 2910 ad
2075 2869 2312 2910 deditionem

784 2929 1007 2982 adiquntur
1044 2926 1108 2978 (a.
1142 2927 1198 2970 72
1229 2930 1460 2983 postquam
1499 2927 1660 2970 bellum
1693 2930 1833 2970 ortum
1864 2927 1971 2979 est),
2001 2927 2116 2972 item
2146 2927 2313 2969 Lucani

782 2989 826 3028 et
863 2986 1025 3028 Bruttii
1070 2999 1222 3042 pacem
1267 2989 1421 3042 petunt
1460 2999 1485 3027 a
1520 2986 1570 3028 L.
1610 2986 1806 3040 Papirio,
1850 2987 2066 3028 Tarentum
2105 2986 2247 3041 ipsum
2286 2999 2311 3027 a

780 3045 904 3088 Rom.
936 3049 1072 3098 terra,
1112 3045 1220 3087 mari
1250 3058 1276 3087 a
1308 3043 1510 3099 Carthag.
1542 3044 1792 3097 obsessum,
1830 3045 1990 3087 Milone
2022 3047 2199 3100 agente,
2240 3044 2312 3086 de-

781 3104 896 3146 ditur
916 3105 1144 3147 Romanis:
1179 3104 1308 3146 armis
1341 3103 1610 3158 navibusque
1640 3104 1811 3147 traditis
1843 3107 1888 3147 et
1912 3104 2079 3147 tributo
2107 3104 2310 3159 imposito

781 3164 979 3206 libertate
1019 3164 1105 3206 frui
1141 3163 1326 3206 iubetur.
1400 3161 1615 3205 Censores
1654 3159 1721 3205 M'.
1757 3162 1912 3206 Curius
1953 3165 1996 3205 et
2030 3163 2080 3205 L.
2112 3163 2311 3218 Papirius

783 3222 929 3273 (lustr.
962 3221 1043 3275 34)
1074 3221 1285 3265 Anienem
1315 3223 1505 3264 veterem
1533 3222 1580 3264 in
1612 3222 1761 3265 urbem
1794 3222 1950 3266 ducere
1982 3222 2209 3277 incipiunt.

733 3280 833 3325 Cos.
871 3282 914 3324 C.
942 3281 1154 3329 Quinctius
1189 3282 1381 3332 Claudus,
1410 3281 1464 3322 L.
1495 3280 1695 3324 Genucius
1720 3281 1948 3336 Clepsina.)
1994 3281 2208 3336 Rhegium
2239 3293 2311 3323 ex-

781 3343 1012 3396 pugnatur,
1051 3341 1236 3398 trecenti
1268 3353 1323 3383 ex
1353 3340 1524 3395 legione
1558 3339 1790 3396 Campana,
1831 3341 1905 3396 qui
1937 3340 2024 3382 vivi
2053 3340 2098 3382 in
2130 3339 2311 3382 deditio-

782 3413 880 3442 nem
911 3403 1132 3452 venerant,
1163 3400 1326 3442 Romae
1351 3399 1566 3454 supplicio
1596 3399 1854 3453 afficiuntur,
1887 3399 1989 3442 urbs
2011 3399 2229 3441 veteribus
2252 3398 2311 3440 ei-

779 3459 905 3501 vibus
937 3471 1035 3500 cum
1064 3459 1263 3502 libertate
1292 3458 1546 3501 restituitur.

420 3514 506 3558 270
586 3517 674 3560 484
737 3517 838 3561 Cos.
883 3518 927 3560 G.
966 3517 1166 3560 Genucius
1202 3519 1391 3572 Clepsina
1421 3518 1492 3570 II,
1544 3517 1614 3559 Cn.
1652 3518 1858 3560 Cornelius
1887 3515 2079 3567 Blasio.)
2142 3516 2310 3559 Bellum

783 3577 945 3633 geritur
976 3589 1073 3619 cum
1106 3577 1400 3619 Sarsinatibus
1433 3576 1620 3619 Umbris.
