2392 4016
717 215 860 256 Graeci
888 227 1017 267 mue
1047 217 1102 259 ad
1132 228 1226 259 ann.
1259 218 1344 259 869
1366 229 1403 257 a.
1426 216 1519 258 Chr.

155 403 353 450 Thebani
383 405 540 509 etxules·
564 406 862 452 coniuratione
892 407 1010 453 facta
1036 406 1222 455 Athenis
1256 407 1443 467 profecti
1470 410 1654 465 patriam
1683 423 1750 455 re·

212 477 403 522 cuperan
1096 503 1102 510 .

158 524 431 568 Cleombrotm
459 523 620 569 frustra
657 523 866 569 adversus
904 538 981 570 eos
1014 538 1115 571 cnm
1154 525 1351 571 exercitu
1390 526 1598 579 mittitur,
1644 528 1749 583 quin

211 583 343 628 etiam
361 584 608 639 Spkodrt‘us,
631 582 837 640 Thespiis
858 584 1120 641 praefectus,
1140 584 1439 642 imprudenter
1457 585 1748 630 Athenienses

210 642 363 696 irritat,
395 644 444 685 ut
473 641 626 687 foedus
658 643 808 687 ineant
837 657 937 688 cum
969 643 1188 688 Thebanis

151 700 305 758 Itaque
332 700 432 745 Ath.
463 712 575 744 novo
607 713 742 745 censu
774 703 974 747 instituto
1005 703 1172 747 alacres
1204 701 1258 745 de
1290 700 1539 756 renovando
1568 702 1751 759 imperio

213 760 428 803 maritimo
460 759 722 815 (συμμαχία)
753 763 950 818 cogitant

154 817 318 863 Eodem
357 830 469 863 anno
509 819 638 862 etiam
670 819 904 876 Agesilaus
945 819 1277 877 impressionem
1313 818 1419 863 facit
1446 819 1495 863 in
1523 819 1749 864 Boeotiam

213 879 257 921 et
287 876 590 922 Thebanorum
621 891 773 935 agrum
803 879 1104 938 depopulatur.
1168 877 1393 932 Chabrias,
1424 878 1583 923 Athen.
1615 878 1720 923 dux.

153 934 311 992 Lysias
336 938 488 980 *orator
517 935 576 981 80
605 936 699 981 fere
725 951 937 983 annorum
967 941 1163 983 mortuus

152 993 316 1054 Iterum
336 995 568 1052 Agesilaus
601 998 842 1042 exercitum
873 1001 1025 1042 contra
1047 997 1279 1041 Thebanos
1306 996 1428 1040 ducit
1448 1008 1613 1053 eosque
1634 1009 1750 1047 com·

210 1057 360 1156 lmeatu
389 1055 602 1112 prohibet.
666 1055 875 1101 Chabrias
909 1057 1129 1102 Thebanis
1162 1056 1324 1100 auxilio
1356 1059 1438 1109 est,
1476 1059 1631 1112 postea
1660 1057 1751 1100 bel-

227 1126 299 1156 um
330 1115 439 1157 mari
469 1115 594 1172 gerit.

151 1171 376 1243 Euagoras
408 1186 510 1218 cum
541 1174 597 1218 10
617 1186 755 1219 annos
787 1187 886 1219 cum
906 1174 1152 1219 Artaxerxe
1183 1173 1405 1227 bellasset,
1435 1186 1588 1230 pacem
1608 1172 1750 1218 facere

211 1235 450 1334 ggglttztrtio
481 1303 594 1336 anno
624 1293 727 1348 post
756 1291 950 1335 moritur.

157 1349 431 1393 Cleombrotus
469 1362 496 1392 a
526 1349 747 1395 Thebanis
786 1350 973 1393 transitu
1004 1348 1276 1394 Cithaeronis
1307 1349 1468 1393 montis
1498 1348 1751 1405 prohibetur

151 1408 304 1465 Itaque
325 1408 485 1454 Laced.
505 1421 596 1452 rem
618 1409 727 1452 mari
747 1408 980 1466 gerendam
1001 1421 1100 1452 esse
1123 1409 1219 1461 rati,
1251 1409 1555 1460 Athenienses,
1578 1407 1749 1451 Naxum

212 1467 486 1521 obsidentes,
524 1468 860 1525 aggrediuntur,
900 1467 979 1511 sed
1009 1468 1243 1511 vincuntur
1273 1482 1300 1511 a
1333 1467 1518 1510 Chabria
1548 1467 1612 1519 (et
1641 1467 1750 1509 Pho-

211 1526 340 1577 cione)
370 1526 486 1583 apud
515 1526 701 1580 Naxum,
733 1528 810 1583 qui
838 1526 996 1570 multas
1015 1526 1225 1570 Thraciae
1257 1527 1386 1570 urbes
1407 1526 1748 1569 Atheniensibus

211 1585 422 1642 adiungit,
454 1598 689 1642 eorumque
718 1586 947 1643 imperium
978 1586 1241 1629 maritimum
1272 1588 1503 1642 recuperat

156 1644 388 1687 Timotheus
417 1657 516 1688 cum
547 1644 689 1689 classe
709 1645 866 1690 Athen.
889 1643 1124 1702 Corcyram
1147 1646 1278 1702 capit,
1307 1644 1749 1689 Lacedaemoniorum

210 1702 399 1748 classem
429 1707 608 1761 superat
688 1721 691 1730 κ

151 1761 257 1806 Inde
296 1775 448 1819 pacem
488 1776 588 1807 cnm
618 1762 778 1807 Laced.
819 1761 986 1806 faciunt
1023 1762 1336 1815 Athenienses,
1379 1761 1624 1814 Thebanis,
1673 1761 1750 1817 qui

207 1821 472 1866 Boeotorum
503 1822 634 1866 urbes
666 1821 958 1875 subiecerant,
988 1822 1248 1875 invidentes,
1281 1820 1360 1864 sed
1379 1832 1482 1863 mox
1502 1819 1663 1863 bellum
1684 1821 1749 1863 in-

207 1882 251 1924 te
357 1881 420 1926 cit

148 1893 359 1984 Iaa'ongrgg
387 1942 583 1996 tempore
613 1931 752 1996 ταγὸς
784 1937 1092 1983 Thessalorum
1122 1939 1295 1995 magnis
1325 1937 1481 1995 opibus
1510 1935 1650 1980 floret.

21 2020 53 2036 υ
150 1998 486 2042 Lacedaemonii
539 1998 771 2054 imperium
823 1997 1085 2041 maritimum
1135 1996 1434 2055 recuperaturi
1479 1994 1749 2051 Corcyraeos

210 2057 425 2102 obsident.
502 2056 669 2109 Quibus
725 2068 823 2100 cum
872 2055 1127 2101 Timotheus
1173 2057 1382 2100 auxilium
1428 2067 1516 2098 non
1561 2055 1749 2107 tulisset,

209 2116 393 2160 Athenis
426 2118 658 2161 accusatur
686 2117 732 2159 et
761 2114 819 2159 ad
846 2127 995 2171 regem
1026 2115 1258 2160 Persarum
1289 2129 1336 2159 se
1368 2114 1551 2159 confert.
1613 2113 1750 2157 Paulo

209 2178 312 2232 post
348 2176 580 2231 Iphicrates
617 2187 716 2219 cum
756 2172 943 2218 Chabria
995 2176 1040 2218 et
1077 2174 1326 2220 Callistrato
1364 2175 1588 2231 praetores
1605 2171 1750 2225 diunt,

211 2233 291 2278 sed
321 2233 423 2278 dum
453 2236 688 2286 morantur,
721 2230 960 2288 Corcyraei
979 2232 1349 2278 Lacedaemonios
1370 2233 1565 2276 vincunt.
1611 2230 1749 2274 Inter-

210 2293 320 2396 gigit
356 2292 777 2395 tamenugffiiiicrates
809 2291 866 2336 10
895 2304 1044 2346 naves,
1083 2305 1110 2335 a
1140 2293 1354 2350 Dionysio
1389 2294 1576 2348 tyranno
1614 2289 1750 2334 Lace-

292 2363 450 2396 monns
483 2365 508 2394 a
620 2363 645 2394 o
677 2362 838 2394 missas

16 2430 18 2436 ·
51 2470 55 2475 .
149 2409 340 2455 Achaiae
378 2411 510 2455 urbes
539 2410 695 2454 Helice
734 2411 779 2453 et
806 2409 926 2453 Bura
962 2411 1104 2453 terrae
1135 2412 1256 2454 motu
1287 2409 1507 2461 delentur,
1547 2407 1750 2451 Plataeae

51 2488 59 2507 -·
207 2482 236 2514 a
265 2469 486 2514 Thebanis
517 2470 771 2513 evertuntur

59 2556 61 2558 -
149 2525 310 2586 Agitur
342 2528 524 2586 Spartae
555 2528 609 2572 de
640 2540 748 2585 pace
783 2525 1048 2571 Graecarum
1078 2527 1327 2579 civitatum,
1365 2538 1392 2568 a
1422 2537 1508 2581 qua
1539 2523 1749 2577 Thebani,

61 2590 63 2595 ’
209 2599 307 2632 cum
336 2587 527 2632 Boeotos
558 2587 743 2631 liberare
775 2586 955 2639 nollent,
985 2598 1012 2629 a
1041 2584 1398 2630 Lacedaemoniis
1430 2582 1720 2627 excluduntur

27 2623 73 2719 ‘⁷
155 2646 442 2700 Cleombrotus,
475 2647 605 2690 armis
638 2645 840 2702 belloque
873 2657 949 2689 eos
981 2647 1226 2697 coacturus,
1258 2657 1314 2687 ex
1334 2641 1525 2687 Phocide
1545 2642 1592 2687 in
1611 2642 1751 2687 Boeo-

207 2705 313 2750 tiam
341 2706 676 2763 impressionem
696 2704 816 2757 facit,
849 2703 927 2748 sed
948 2716 1047 2747 eum
1070 2703 1280 2756 Thebani,
1312 2702 1423 2746 duce
1443 2701 1748 2756 Epaminonda,

207 2765 374 2822 proelio
405 2764 461 2809 ad
481 2765 663 2808 Leuctra
695 2762 756 2817 (5.
778 2762 1033 2807 Hecatomb.
1067 2761 1228 2814 6.1ul.)
1261 2761 1493 2806 commisso
1514 2759 1751 2804 devincunt

5 2787 59 2882 ’ζ’
152 2821 309 2868 satim
329 2823 524 2868 Arcades
556 2835 583 2866 a
605 2821 766 2867 Laced.
800 2821 1028 2866 deficiunt:
1060 2820 1365 2879 Megalopolim
1397 2818 1602 2874 condunt,
1633 2820 1750 2864 Man·

208 2882 369 2928 tineam
398 2883 636 2926 restituunt

7 2920 10 2971 3
55 2956 59 2961 ¹
149 2940 276 2985 Iason
305 2942 524 2986 Pheraeus
556 2942 760 2994 necatur;
798 2943 899 2998 post
929 2953 1042 2994 eum,
1073 2937 1303 2983 intervallo
1333 2937 1465 2982 unius
1496 2938 1612 2991 anni,
1651 2937 1751 2982 Ale-

207 3001 372 3045 xander
404 3001 623 3045 Pheraeus
655 3002 826 3058 regnat.

52 3084 63 3120 ‚1
149 3057 315 3104 Eodem
333 3062 528 3117 tempore
548 3058 837 3103 Macedonum
857 3071 936 3103 rex
955 3055 1169 3114 Amyntas
1185 3056 1229 3101 11
1249 3056 1432 3100 moritur
1452 3058 1553 3112 post
1568 3067 1750 3111 regnum

10 3117 16 3127 '
51 3164 57 3172 ,
155 3126 161 3154 -‘
196 3116 268 3165 ..24
289 3131 518 3163 annorum:
553 3118 625 3162 cui
654 3119 746 3162 tres
778 3117 858 3161 filii
887 3117 1016 3174 pueri
1042 3116 1251 3172 deinceps
1274 3114 1531 3166 succedunt,
1562 3113 1751 3157 Alexan-

209 3175 287 3222 der
317 3178 360 3222 11
392 3179 464 3230 (m.
488 3176 608 3230 368),
639 3175 876 3222 Perdiccas
906 3175 973 3221 111
1005 3175 1206 3233 (primum
1235 3174 1317 3219 sub
1338 3176 1480 3218 tutore
1501 3172 1751 3216 Ptolemaeo

20 3197 59 3290 ῖς
148 3239 167 3274 ⁴-.
195 3235 375 3284 ‹Alorite
386 3237 418 3290 ),
449 3235 692 3293 Philippus.

3 3331 11 3382 ⁴.
36 3307 70 3374 ⁴2
152 3291 348 3340 Thebani
389 3294 584 3339 Arcades
624 3293 814 3338 adiuturi
853 3293 995 3337 hieme
1030 3292 1275 3347 irrumpunt
1311 3290 1357 3334 in
1389 3289 1750 3348 Peloponnesum,
1771 3287 1929 3406 {gg-
1953 3322 2036 3369 ιω
2055 3322 2083 3367 3

211 3353 394 3399 ducibus
433 3354 666 3411 praecipue
706 3352 997 3408 Epaminonda
1034 3354 1078 3395 et
1106 3350 1332 3405 Pelopida,
1373 3347 1636 3394 Laconicam
1677 3360 1751 3405 po-

2026 219 2083 265 29

1776 364 1903 400 mehr.
1932 365 2082 410 olymp.

1796 470 1884 516 379

1794 644 1884 690 378

1800 878 1888 924 378

1797 938 1886 983 378

1798 1115 1885 1159 377

1800 1233 1887 1277 376

1799 1350 1887 1394 376

1799 1586 1886 1631 376

1798 1703 1886 1771 375

1799 1879 1887 1925 374

1798 1996 1887 2042 373

1800 2350 1887 2395 372

1801 2467 1889 2513 373

1799 2583 1883 2628 371

1798 2758 1882 2804 371

1799 2876 1888 2921 370

1801 2936 1890 2980 370

1799 3053 1887 3099 369

207 3412 441 3471 pulantur,
469 3413 701 3456 Messenen
744 3411 992 3456 restituunt.
1061 3408 1162 3453 Ath.
1202 3411 1353 3452 contra
1391 3407 1543 3453 foedus
1586 3407 1750 3451 faciunt
1823 3416 1828 3421 ·

211 3472 371 3528 partito
401 3471 583 3529 imperio
615 3483 714 3515 cum
735 3469 912 3523 Laeca,
942 3469 1083 3525 iisque
1105 3468 1353 3523 Iphicraten
1374 3467 1537 3511 auxilio
1559 3467 1746 3510 mittunt.

154 3527 316 3575 Iterum
337 3531 534 3575 Thebani
565 3529 888 3588 expeditionem
906 3529 953 3572 in
974 3526 1322 3583 Peloponnesum
1342 3527 1600 3584 suscipiunt,
1631 3525 1749 3581 Epo·

1949 471 2079 517 1002

1953 762 2084 807 1003

1952 879 2085 925 1003

1950 1116 2083 1161 1004

1951 1587 2030 1631 101
2060 1588 2078 1630 1

1950 1997 2030 2041 101
2055 1960 2101 2052 ἓ

1950 2351 2030 2395 101
2053 2346 2082 2393 71

1953 2467 2031 2511 101
2056 2467 2082 2509 4

1951 2582 2034 2628 102
2060 2583 2078 2626 1

1951 2757 2083 2804 1022

1952 2934 2083 2980 1023

1952 3051 2083 3097 1023
