2392 4016
628 246 680 284 ab
712 257 819 284 anno
850 258 892 295 p.
910 243 1005 285 Chr.
1037 247 1123 285 458
1156 257 1284 295 usque
1315 248 1368 285 ad
1399 259 1548 286 annum
1581 249 1682 287 470.
2037 248 2123 295 ml

181 399 220 431 p.
243 388 282 423 c.
342 398 377 422 u.
394 399 425 423 c.
500 389 588 431 imp.

669 433 840 479 Suevos
860 437 928 480 .in
956 435 1171 493 Hispania
1208 449 1298 494 pax
1337 449 1434 482 eom
1494 437 1625 482 nitur.
1687 437 1737 483 In
1769 439 1915 485 Gallia
1951 441 2125 496 anci,

671 494 877 553 ambigua
905 494 991 539 fide
1022 498 1151 539 antea
1181 496 1266 550 usi,
1296 508 1402 553 rege
1471 496 1698 550 hilderico,
1730 498 1960 544 deficiunt:
1991 502 2123 559 Aegi-

667 552 781 607 dius,
813 566 899 611 quo
920 554 1117 598 Romana
1135 566 1207 598 res
1238 558 1435 608 steterat,
1467 556 1617 600 morbo
1639 556 1827 612 decedit,
1859 560 1985 604 cuins
2006 559 2123 605 iilius

665 612 876 669 Syayriu
896 616 1066 671 partem
1097 616 1215 657 certe
1245 617 1454 671 paternae
1483 616 1718 672 potestatis
1748 615 1813 670 (in
1833 617 2125 663 Suessionum

667 671 988 729 Remorumque
1020 671 1174 723 terris)
1205 672 1379 716 videtur
1409 673 1667 718 obtinuisse.

179 728 267 774 465
331 728 446 772 1218
537 729 565 774 5
628 729 729 774 Cos.
753 731 997 775 Basiliscus
1020 733 1065 774 et
1084 730 1438 785 Hermenericus‚
1459 732 1642 789 Asparis
1662 731 1794 787 filius,
1826 737 2008 791 uterque
2029 735 2124 788 Or.)

506 788 565 795 ““
663 790 829 833 Romae
864 789 919 833 19
949 788 1060 832 Nov.
1091 789 1328 845 imperator
1356 790 1535 833 Severus
1565 794 1640 834 aut
1670 792 1836 846 morbo,
1868 797 1944 837 aut
1972 793 2123 839 stando

663 848 895 892 Ricimeris
923 849 1046 903 perit.
1115 848 1246 903 Resp.
1277 848 1469 892 Romana
1507 859 1548 892 et
1584 851 1660 893 hoc
1700 860 1739 894 et
1777 867 1861 907 seq.
1892 868 1998 897 anno
2037 855 2125 897 sine

657 908 860 963 principe,
890 910 1088 964 potestas
1118 913 1255 963 penes
1287 907 1551 952 Ricimerem
1581 910 1756 953 mansit.

178 963 266 1008 466
331 961 443 1008 1219
628 965 945 1020 Theodericus,
977 965 1307 1023 Visigothorum
1338 980 1431 1021 rex,
1462 980 1550 1024 quo
1577 967 1770 1012 facinore
1790 982 1973 1026 regnum
2004 984 2124 1016 asse·

504 1025 565 1084 ᾖ
665 1028 792 1069 cutus
824 1029 932 1078 erat,
962 1025 1116 1069 eodem
1144 1026 1260 1082 perit
1281 1025 1469 1070 Tolosae
1499 1039 1580 1083 per
1607 1026 1785 1072 fratrem
1805 1028 2017 1083 Eur-icum,
2048 1031 2124 1088 qui

663 1084 937 1128 Lusitaniam
966 1085 1213 1141 populatur.

175 1141 263 1185 467
327 1141 444 1186 1220
537 1143 558 1186 1
621 1144 850 1199 Βυοορίιιε
878 1143 1282 1197 ANTHEMIUS,
1315 1144 1476 1188 nobilis
1508 1143 1726 1199 Graecus,
1767 1146 1839 1189 cui
1869 1146 2124 1203 Euphemia‚

499 1201 560 1261 ᾖ·
661 1203 872 1246 Marciani
908 1203 1185 1260 imperatoris
1223 1203 1334 1256 filia,
1375 1206 1604 1260 nupserat,
1645 1217 1671 1247 a
1707 1204 1856 1248 Leone
1893 1205 2123 1263 Augustus

662 1262 908 1306 declaratur
938 1265 983 1306 et
1003 1262 1233 1306 Occidenti
1251 1261 1518 1319 praeficitur,
1549 1266 1726 1319 petente
1749 1267 1904 1307 senatu
1926 1264 2123 1309 Romano

663 1324 708 1364 et
727 1321 959 1365 Ricimere.
1010 1321 1125 1365 Huic
1156 1334 1295 1365 novus
1324 1321 1427 1378 imp.
1451 1322 1634 1365 simulac
1655 1322 1838 1365 Romam
1866 1323 2009 1367 medio
2039 1324 2123 1368 hoc

663 1393 776 1423 anno
807 1380 941 1433 venit,
972 1383 1022 1423 ut
1051 1379 1182 1423 fidem
1207 1381 1395 1424 hominis
1429 1381 1651 1425 ambitiosi
1678 1381 1843 1438 alliget,
1873 1394 1997 1425 suam
2026 1383 2123 1440 ipse

660 1439 795 1482 filiam
825 1439 872 1482 in
901 1439 1223 1483 matrimonium
1253 1439 1342 1482 dat.

174 1495 264 1541 468
327 1497 437 1541 1221
538 1497 565 1541 2
629 1497 722 1542 Gal.
751 1498 843 1541 Ian.
876 1497 1085 1541 Sidonius
1123 1498 1392 1554 Apollinaris
1431 1499 1623 1541 carmine
1661 1499 1929 1555 panegyrico
1970 1499 2121 1543 laudes

501 1557 561 1615 ᾖ
660 1557 936 1613 imperatoris
988 1557 1269 1613 eiusdemque
1307 1556 1351 1599 11
1391 1556 1586 1600 consulis
1634 1557 1848 1611 celebrat,
1888 1561 1933 1601 et
1977 1559 2032 1603 ab
2069 1571 2122 1602 eo

659 1619 893 1672 propterea
936 1615 1211 1672 praefectura
1248 1616 1368 1659 urbis
1400 1615 1587 1669 Romae,
1626 1615 1783 1659 deinde
1822 1617 1953 1660 etiam
1990 1618 2121 1674 patri·

659 1675 779 1719 ciatu
809 1677 1000 1718 ornatur.

620 1735 788 1777 Bellum
819 1742 962 1777 contra
1002 1734 1213 1776 Vandalus
1242 1733 1317 1775 diu
1354 1733 1401 1775 in
1441 1735 1626 1789 utroque
1663 1734 1867 1790 imperio,
1908 1735 2121 1792 imprimis

668 1807 695 1836 a
714 1793 863 1836 Leone
893 1795 1213 1849 praeparatum,
1243 1791 1286 1834 h.
1308 1805 1346 1834 a.
1379 1793 1558 1849 geritur.
1621 1792 1782 1848 Ingens
1814 1793 1972 1838 classis
2002 1794 2120 1838 mille

660 1853 837 1895 navium
875 1852 922 1895 in
962 1851 1161 1895 Siciliam
1200 1854 1476 1895 convenerat.
1545 1851 1833 1896 Heraclianus
1880 1865 2026 1896 comes
2065 1853 2120 1896 ah

660 1911 865 1968 Aegypto
914 1910 1229 1967 Tripolitanam
1293 1911 1564 1966 provinciam
1620 1914 1796 1954 strenue
1853 1912 2121 1969 aggreditur,

660 1970 939 2014 Marcellinus
953 2002 964 2023 ,
996 1970 1072 2026 qui
1101 1982 1200 2013 cum
1229 1968 1463 2013 Anthemio
1493 1969 1540 2013 iu
1572 1970 1756 2026 gratiam
1786 1970 1989 2023 redierat,
2020 1970 2122 2015 Sar—

661 2029 825 2072 diniam
846 2028 1057 2073 Vandalis
1089 2028 1255 2081 adimit,
1286 2029 1528 2071 Basiliscus
1558 2028 1772 2080 (Verinae
1792 2028 1939 2083 frater,
1970 2030 2119 2073 uxoris

660 2087 845 2140 Leonis)
869 2100 968 2131 cum
989 2088 1152 2131 maiore
1172 2087 1316 2131 classe
1337 2087 1598 2131 Hermaeum
1619 2089 1963 2145 promontorium
1982 2092 2117 2142 tenet,

662 2150 709 2191 et
746 2148 834 2203 ipsi
873 2146 1128 2203 Carthagini
1172 2147 1384 2189 imminet.
1458 2146 1548 2190 Sed
1586 2147 1674 2190 cito
1713 2146 1820 2190 haec
1859 2148 2006 2191 omnia
2041 2161 2121 2204 per

662 2206 894 2250 stultitiam
914 2205 1122 2249 Basilisci
1153 2208 1351 2262 pereunt.
1415 2204 1667 2249 Geisericus
1690 2208 1981 2262 opportunum
2012 2209 2119 2250 tem-

659 2277 743 2321 pus
773 2265 914 2321 pretio
946 2277 997 2307 ac
1027 2264 1215 2308 fallaciis
1246 2267 1403 2308 nactus
1434 2265 1621 2308 classem
1651 2265 1891 2308 Romanam
1920 2264 2120 2322 igniferis

659 2324 844 2367 navibus
876 2324 1121 2380 perturbat,
1155 2327 1284 2379 atque
1315 2324 1483 2380 impetu
1513 2323 1629 2366 facto
1661 2324 1723 2367 ita
1755 2323 1932 2381 affligit,
1963 2328 2013 2367 ut
2042 2325 2118 2368 vix

660 2382 841 2426 dimidia
870 2395 972 2439 pars
1011 2382 1185 2425 domum
1223 2385 1476 2426 revertatur.
1538 2381 1839 2435 Marcellinus,
1882 2383 1957 2439 qui
1996 2382 2118 2426 solus

659 2454 751 2485 rem
784 2442 1001 2485 sustinere
1031 2442 1195 2498 potuit,
1235 2442 1281 2484 in
1313 2440 1468 2484 Sicilia
1496 2439 1778 2493 interficitur,
1817 2442 2032 2485 incertum
2062 2454 2119 2484 an

661 2503 838 2544 auctore
887 2500 1127 2543 Recimere.
1205 2499 1344 2551 (Vide
1387 2500 1570 2556 Procop.
1609 2498 1663 2542 de
1703 2499 1819 2543 bello
1862 2500 2118 2552 Vandalico,

660 2559 734 2603 lib.
760 2560 799 2612 1,
831 2572 926 2616 cap.
948 2558 1012 2611 6.)

170 2619 260 2664 469
323 2619 436 2664 1222
526 2619 555 2663 3
617 2619 718 2664 Cos.
750 2620 817 2661 ΓΙ.
854 2618 969 2661 Zeno
1007 2618 1240 2671 Isauricus,
1289 2618 1357 2660 ΓΙ.
1398 2617 1664 2669 Marcianus,
1710 2616 1933 2661 Anthemii
1969 2616 2119 2669 filius.)

499 2678 560 2738 ᾖ
661 2677 1064 2734 Constantinopoli,
1108 2688 1206 2720 cam
1238 2675 1329 2720 Leo
1358 2675 1474 2719 filios
1507 2688 1593 2719 nou
1624 2675 1827 2728 haberet,
1867 2679 1912 2719 et
1942 2676 2042 2720 aula
2071 2682 2117 2719 et

659 2737 847 2793 populus
878 2735 1142 2780 factionibus
1173 2735 1380 2788 dissidet,
1411 2735 1513 2778 dum
1542 2735 1779 2792 imperator
1807 2735 1967 2778 Zmoni
1996 2735 2117 2777 Im·

658 2797 757 2850 rico,
792 2796 864 2840 cui
885 2809 924 2839 a.
946 2796 1090 2852 priore
1110 2794 1360 2848 Ariadnam,
1391 2793 1525 2837 filiam
1546 2805 1685 2846 suam,
1716 2794 1762 2837 iu
1792 2794 2113 2838 matrimonium

659 2854 860 2908 dederat,
907 2855 1079 2899 barbari
1117 2858 1269 2898 contra
1314 2853 1550 2897 auxiliares
1594 2853 1750 2909 Aspari
1789 2853 1970 2909 eiusque
2010 2852 2114 2896 filiis

658 2913 821 2958 favent.
881 2914 962 2958 His
1002 2916 1052 2958 ut
1090 2912 1295 2966 satisfiat,
1335 2913 1425 2957 Leo
1465 2913 1675 2955 minorem
1715 2911 1847 2955 filiam
1885 2911 2115 2955 Leontiam

660 2972 873 3027 Patricio,
905 2973 1011 3030 Asp.
1043 2972 1148 3026 filio,
1180 2971 1387 3029 spondet,
1427 2982 1614 3027 eumque
1646 2970 1774 3013 simul
1807 2975 1850 3013 et
1882 2970 2114 3014 Caesarem

660 3032 867 3086 declarat,
900 3035 944 3076 et
966 3032 1133 3076 Orienti
1155 3030 1365 3088 praeficit,
1396 3030 1599 3074 turbante
1630 3028 1807 3086 populo,
1839 3030 1913 3086 qui
1934 3031 2115 3072 Arianos

659 3093 883 3135 haereticos
913 3092 1092 3136 odisset.

720 3151 771 3195 In
810 3151 938 3195 Italia
976 3149 1195 3194 discordia
1234 3152 1278 3191 et
1315 3147 1569 3192 inimicitiae
1618 3147 1732 3190 inter
1772 3146 2030 3189 Ricimerem
2069 3149 2113 3188 et

659 3210 939 3254 Anthemium
979 3211 1231 3265 erumpunt,
1271 3207 1345 3251 ille
1384 3206 1675 3250 Mediolanum
1716 3205 1904 3258 secedit,
1950 3203 2112 3247 bellum

566 3287 569 3290 ⁴
659 3269 860 3323 moliens,
884 3269 962 3313 sed
991 3272 1083 3312 tum
1106 3266 1279 3324 quidem
1300 3266 1501 3323 placatur
1518 3278 1598 3323 per
1619 3264 1923 3322 Epiphanium,
1945 3264 2112 3320 episco-

657 3342 761 3385 pum
793 3328 1087 3373 Ticineusem.

173 3384 264 3428 470
326 3384 440 3430 1223
529 3386 558 3430 4
621 3386 722 3432 Cos.
745 3387 929 3431 Iordane
961 3390 1005 3430 et
1027 3386 1211 3437 Severo,
1244 3396 1343 3427 cum
1374 3383 1494 3427 nulla
1524 3386 1643 3426 esset
1673 3381 1916 3424 reverentia
1941 3380 2112 3436 imperii

500 3445 560 3453 —
659 3446 868 3499 Romani,
899 3447 1102 3497 Eur-icus,
1133 3443 1462 3499 visigothorum
1494 3455 1591 3493 rex,
1623 3450 1805 3496 aper-nun
1839 3440 1980 3483 ὸοαυιιι
2011 3450 2112 3482 cum

503 3461 558 3505 14
657 3505 891 3549 Anthemio
931 3508 976 3548 et
1014 3503 1222 3547 Romanis
1260 3517 1403 3558 yet-ere
1439 3503 1594 3556 eoepit.-
1638 3512 1750 3556 quae
1791 3499 1921 3542 urbes
1960 3499 2004 3541 in
2037 3496 2111 3540 Hi-

661 3565 814 3620 spania
837 3562 1163 3607 Tarraconensi
1195 3564 1240 3605 et
1261 3560 1611 3617 Carthaginiensi
1643 3559 1866 3602 etiamtum
1889 3557 2011 3600 Rom.
2034 3557 2110 3599 im·

659 3624 825 3679 perium
859 3622 1074 3674 colebant,
1107 3633 1181 3664 eas
1203 3620 1410 3676 paulatim
1444 3620 1487 3661 iu
1511 3621 1772 3675 potestatem
1795 3629 1917 3660 suam
1939 3614 2109 3669 redigit,

1720 3692 1772 3733 1⁴
