2392 4016
148 373 178 396 a.
196 360 279 396 Ohr.

175 526 266 572 470

174 701 264 747 469

175 760 263 805 468

173 937 260 982 467

174 1053 265 1099 466

175 1112 264 1159 465

175 1466 265 1511 463

174 1699 263 1746 462

176 1935 261 1980 461

177 2169 267 2214 460

177 2521 265 2568 459

178 2697 266 2744 458

178 2932 264 2978 457

179 3107 268 3154 456

180 3283 268 3329 455

181 3400 270 3446 454

354 370 437 395 me.

344 524 430 570 284

343 698 430 746 285

342 758 428 804 286

341 934 427 980 287

341 1051 430 1098 288

344 1111 429 1157 289

344 1288 434 1334 290

344 1465 427 1509 291

342 1698 430 1744 292

345 1934 433 1980 293

345 2169 433 2213 294

307 2526 313 2532 ”
345 2520 433 2567 295

345 2698 431 2743 296

348 2932 433 2977 297

349 3093 436 3153 298

348 3283 434 3328 299

349 3400 437 3445 300

586 216 639 255 ab
670 225 775 254 anno
805 226 842 253 a.
865 211 960 253 Chr.
991 213 1077 254 490
1108 223 1234 262 usque
1264 214 1317 252 ad
1348 225 1499 253 anuum
1522 213 1623 252 454.
2014 211 2072 257 59

537 403 697 473 Hilites
727 403 914 449 Romani
942 404 1024 449 sub
1052 404 1198 474 Appio
1228 415 1319 447 cos.
1351 402 1526 472 yincere
1558 403 1726 456 nolunt;
1769 403 1847 447 sed
1879 403 2073 448 decimus

491 461 1500 578 035¹231P32ffi²520222?¹}33ffi¹351“5÷0.
1531 520 1731 564 Ama...
1760 521 2046 566 ΗΜ...-
2048 521 2074 573 >

537 578 891 682 App²tucil⁸mfiu⁸
921 595 949 626 a
977 581 1164 626 tribunis
1210 581 1464 634 accusatur,
1503 578 1583 624 sed
1619 582 1719 623 ante
1758 579 2076 625 damnationem

538 651 649 683 mon
723 671 734 682 .

491 698 591 743 Cos.
628 697 676 741 T.
707 696 924 742 Numicius
951 697 1137 751 Priscus,
1167 697 1222 741 A.
1250 697 1467 752 Veryinius
1502 696 1675 742 Tricost.
1711 697 2075 741 Caeliomontanus.

507 779 564 787 —
629 757 677 799 D.
714 756 934 806 Quinctius-
954 757 1174 801 Barbatus
1207 755 1464 811 Capitolinus
1492 756 1557 809 II,
1593 754 1644 805 Q.
1674 754 1879 801 Servilius
1908 756 2077 799 Priscus

539 815 772 867 Str-uetus.)
804 815 991 860 Romani
1020 817 1067 859 et
1084 814 1231 859 Latini
1261 826 1430 858 summa
1460 826 1543 871 ope
1573 814 1629 859 ad
1648 814 1826 858 Antium
1855 827 1953 859 cum
1974 814 2077 860 Vol·

538 874 628 919 scis
658 873 908 931 Aequisque
939 874 1159 918 dimicant.
1219 871 1400 918 Antium
1431 873 1640 918 Romanis
1672 873 1881 930 proditur.

490 933 595 978 008.
629 933 678 976 T.
707 934 908 987 Aemilius
936 933 1212 976 Mamercinus
1241 933 1307 986 II,
1344 932 1394 982 Q.
1424 933 1585 976 Fabius
1608 931 1874 983 Vibulanus.)
1922 931 2078 977 Coloni

538 990 718 1037 Antium
749 993 992 1046 mittuntur,
1024 992 1100 1048 qui
1129 1004 1228 1036 cum
1257 990 1478 1036 veteribus
1509 992 1679 1036 civibus
1710 991 1917 1036 habitent.

490 1051 591 1096 008.
611 1051 689 1107 Sp.
710 1051 941 1097 Postumius
959 1052 1094 1102 Albus
1112 1051 1286 1106 ReqilL,
1321 1050 1371 1101 Q.
1394 1050 1598 1095 Servilius
1616 1051 1787 1094 Priscus
1805 1050 1997 1094 structus
2012 1051 2077 1094 II.

511 1133 570 1141 —·
635 1110 686 1161 Q.
716 1111 877 1155 Fabius
906 1111 1133 1154 Vibulanus
1162 1110 1227 1163 II,
1263 1110 1312 1153 T.
1349 1109 1562 1160 Quinctius
1580 1110 1800 1153 Barbatus
1824 1110 2079 1166 Capitolinus

539 1168 656 1221 III.)
707 1169 759 1214 In
778 1168 940 1226 Algido
967 1171 1117 1213 monte
1149 1181 1248 1213 cum
1277 1168 1444 1228 Aequis
1467 1168 1711 1213 dimicatur.
1761 1168 1930 1213 Census
1952 1172 2076 1213 actus

540 1229 690 1281 (lustr.
724 1227 791 1281 9),
822 1240 958 1272 censa
990 1227 1165 1272 104214
1194 1240 1289 1285 cap.

494 1287 595 1332 008.
626 1287 682 1331 Δ.
713 1287 945 1331 Postumius
973 1287 1107 1330 Albus
1136 1286 1401 1343 Reqillensis,
1431 1286 1509 1341 Sp.
1541 1287 1694 1329 Furius
1722 1287 1857 1330 Fusus
1877 1285 2077 1338 Med-au.)

541 1346 619 1403 Sp.
649 1346 808 1390 Furius
841 1357 932 1390 cos.
971 1346 1027 1390 ab
1056 1346 1221 1402 Aequis
1251 1349 1297 1390 et
1324 1345 1554 1390 Ecetranis
1575 1345 1751 1389 Volscis
1783 1345 1925 1389 victus
1958 1348 2003 1388 et
2032 1346 2078 1389 in

510 1444 514 1449 .
545 1405 702 1450 castris
734 1405 959 1458 obsessus,
990 1418 1016 1447 a
1044 1403 1214 1449 Latinis
1245 1406 1292 1448 et
1319 1403 1523 1448 Hernicis
1554 1404 1775 1447 liberatur.

492 1462 594 1508 008.
635 1463 691 1507 L.
728 1463 930 1507 Aebutius
966 1463 1080 1506 Elva
1117 1462 1189 1515 (in
1227 1475 1342 1519 mag.
1383 1462 1538 1514 mort.)
1576 1462 1628 1507 P.
1666 1462 1870 1506 Servilius
1908 1462 2080 1505 Priscus

537 1522 731 1566 Str-uetus
759 1521 845 1565 kal.
867 1521 1006 1575 Sext„
1036 1521 1154 1578 quod
1181 1523 1286 1566 tunc
1317 1522 1420 1564 anni
1449 1522 1725 1578 principium,
1758 1522 1921 1566 ineunt.
1972 1520 2079 1565 Gra-

538 1581 720 1625 vissima
756 1580 1009 1637 pestilentia
1045 1580 1266 1625 Romanos
1307 1581 1485 1637 premit,
1525 1580 1629 1624 dum
1657 1580 1801 1637 Aequi
1838 1593 1967 1637 agros
2007 1580 2080 1624 de·

490 1639 920 1743 Οᾶῗρῗῖιὲοῆω
944 1698 1225 1754 Tricipitinus,
1260 1698 1308 1742 T.
1329 1698 1520 1742 Veturius
1549 1698 1703 1742 Gemin.
1738 1699 1952 1741 Cicurinus
1981 1711 2019 1741 a.
2037 1697 2076 1741 d.

540 1757 608 1801 111
638 1757 703 1800 Id.
727 1757 849 1801 Sext.
880 1758 1045 1801 ineunt.
1103 1757 1148 1801 C.
1175 1757 1420 1801 Terentillus
1438 1758 1553 1801 Arsa
1581 1758 1683 1802 trib.
1717 1757 1774 1815 pl.
1808 1757 1951 1813 legem
1981 1757 2080 1810 fert,

540 1819 591 1862 ut
604 1816 666 1886 οΧ
701 1817 786 1861 viri
801 1819 1016 1886 ‘creentur
1053 1818 1278 1861 scribendis
1316 1818 1488 1873 legibus.
1559 1815 1661 1862 Cos.
1690 1816 1754 1863 'de
1782 1816 1959 1861 Volscis
1995 1816 2081 1860 Ae·

495 1875 1211 1979 Gtilslilslgll‘lscililblizlifflaffnuintinus
1253 1934 1424 1988 Gallus,
1462 1934 1557 1978 Ser.
1598 1934 1809 1990 Sulpicius
1843 1934 2080 1978 Camerinus

546 1992 787 2044 Cornutus.)
846 1993 899 2037 In
943 1993 1042 2048 lege
1080 1992 1357 2049 impedienda
1392 1992 1596 2038 ferociter
1636 2006 1684 2038 se
1723 1995 1870 2050 patres
1910 1997 2080 2050 gerunt,

541 2064 682 2154 nequire
714 2051 895 2161 ceduuqt,
934 2062 1195 2108 quamquam
1224 2052 1281 2096 K.
1315 2052 1545 2105 Quinctius
1587 2052 1642 2096 de
1682 2053 1726 2096 vi
1764 2057 1995 2097 accusatus
2033 2054 2080 2097 in

541 2123 614 2154 exi
648 2123 719 2154 um
780 2123 804 2154 e
876 2124 939 2154 ur.

494 2167 596 2213 008.
633 2169 686 2212 P.
713 2124 902 2213 Vlilevius
939 2169 1155 2224 Poplicola
1189 2169 1278 2222 II,
1311 2168 1409 2213 suff.
1447 2169 1503 2212 L.
1548 2168 1761 2218 Quinctius
1804 2169 2077 2225 Cincinnatus,

548 2227 592 2271 C.
630 2228 776 2271 Claud.
806 2228 1033 2284 Reyillens.
1065 2227 1288 2279 Sabinus.)
1328 2228 1442 2272 Dum
1473 2227 1527 2271 de
1558 2227 1656 2285 lege
1687 2228 1967 2282 contendunt,
2001 2229 2081 2273 Ca·

540 2286 744 2343 pitolium
773 2286 828 2331 ab
861 2286 1062 2330 exulibus
1094 2289 1138 2330 et
1169 2287 1308 2331 servis
1331 2289 1583 2344 occupatur,
1614 2286 1732 2344 plebi
1752 2288 1827 2331 vix
1847 2288 2082 2345 persuadet

541 2345 742 2390 Valerius
774 2357 863 2389 cos.
896 2345 1144 2402 popularis,
1182 2348 1232 2390 ut
1261 2359 1381 2390 arma
1411 2347 1569 2402 capiat,
1602 2346 1679 2390 sed
1710 2347 1755 2389 iu
1785 2347 2081 2404 recuperanda

542 2417 641 2448 arce
670 2416 771 2448 cum
790 2404 993 2449 Valerius
1023 2404 1283 2457 cecidisset,
1323 2405 1374 2448 L.
1407 2404 1659 2458 Quinctius,
1700 2405 1911 2450 Caesonis
1943 2410 2080 2463 pater,

535 2463 694 2511 consul
726 2462 954 2516 sufficitur,
984 2464 1172 2507 maxime
1203 2463 1321 2519 plebi
1350 2462 1563 2508 infensus.

494 2520 596 2566 008.
643 2521 693 2571 Q.
725 2523 883 2566 Fabius
921 2522 1148 2566 Vibulanus
1176 2522 1275 2575 III,
1320 2522 1375 2566 L.
1413 2522 1620 2565 Cornelius
1647 2522 1950 2578 Maluginensis
1986 2523 2081 2566 Uri-

543 2579 690 2633 tinus.)
723 2579 893 2626 Census
924 2583 1047 2625 actus
1077 2581 1198 2650 §lust
1235 2579 1321 2633 10),
1351 2593 1486 2625 censa
1519 2580 1691 2651 117319
1724 2594 1818 2638 cap.
1863 2581 1927 2625 De
1948 2581 2080 2626 Antio

494 2639 1263 2750 Cguggaaeffitfflnzfflffsszioem
1289 2638 1605 2751 gfflfflff’
1620 2710 1759 2754 eoque
1791 2701 1959 2743 mortuo
1982 2699 2078 2743 suff.

543 2757 597 2799 L.
629 2757 839 2800 Minucius
868 2756 1147 2812 Auyurinus.)
1204 2756 1442 2802 Minucium
1473 2757 1697 2802 consulem
1729 2757 1782 2800 ab
1810 2758 1975 2815 Aequis
2007 2759 2080 2802 ob·

547 2827 719 2860 sessum
748 2815 803 2859 L.
840 2815 1053 2885 Quinctius
1078 2816 1339 2860 Cincinnatus
1358 2818 1536 2860 dictator·
1565 2817 1646 2869 (L.
1686 2816 1901 2871 Tarquitio
1930 2818 2081 2861 Flacco

497 2888 639 2976 (33:⁸9
625 2932 671 2975 C
685 2871 1147 2978 Ἑέωῒξὲιῖξιὶῗιξῗέ
1148 2877 1217 2987 il,
1251 2934 1301 2984 Q.
1334 2934 1546 2979 Minucius
1574 2933 1858 2989 Esquilinus.)
1899 2934 2081 2979 Tribuni

545 2990 688 3048 plebis
726 2991 924 3048 quintum
963 2991 1116 3036 refecti
1146 2993 1365 3047 obtinent,
1414 2995 1464 3037 ut
1500 2995 1631 3037 decen
1676 2995 1830 3036 tribuni
1866 2999 2080 3046 creentur,

545 3049 639 3094 bini
665 3061 724 3094 ex
753 3050 941 3108 singulis
972 3051 1204 3096 classibus.

498 3107 599 3153 008.
630 3108 696 3152 M.
721 3108 912 3154 Valerius
941 3110 1174 3165 Maximus,
1213 3111 1291 3166 Sp.
1316 3110 1534 3166 Veryinius
1577 3109 1748 3152 mmet.
1794 3111 2079 3163 Cutina-ont.)

545 3165 788 3212 Aventinus
819 3181 944 3213 mons
974 3169 1221 3226 publicatur
1251 3171 1296 3213 et
1324 3168 1443 3225 plebi
1473 3167 1721 3223 assignatur
1753 3169 1841 3224 leq«
1863 3172 2080 3214 tribunicia

547 3225 675 3270 Icilii.
732 3225 849 3271 Ludi
879 3228 1127 3272 saeculares
1158 3228 1350 3272 instituti
1378 3239 1478 3271 esse
1509 3226 1723 3271 dicuntur.

497 3280 597 3353 Cos.
634 3283 683 3328 T.
703 3283 909 3387 emilius
927 3286 1067 3330 Rocus
1098 3287 1334 3338 Vaticanus,
1370 3286 1415 3330 C.
1428 3286 1617 3330 Veturius
1642 3285 1893 3338 Cicurinus.)
1939 3286 2080 3344 Aequi

545 3354 706 3387 vincun
727 3355 791 3387 ur.

498 3399 600 3445 Cos.
629 3401 707 3457 Sp.
744 3401 945 3459 Tarpeius
976 3403 1162 3447 Montani.
1197 3402 1434 3459 Capitolia,
1471 3403 1526 3447 Δ.
1557 3403 1753 3446 Aternius
1778 3403 1912 3447 Varus
1944 3405 2081 3450 Fonti-

549 3458 698 3511 nalis.)
741 3459 936 3506 Tandem
967 3465 1112 3519 patres
1145 3462 1286 3519 legem
1317 3462 1593 3507 tribuniciam
1625 3463 1864 3519 accipiunt;
1904 3464 2079 3509 mittun·

547 3522 619 3564 tur
655 3520 744 3564 tres
783 3518 918 3575 legati
956 3519 1009 3564 ad
1061 3520 1183 3572 lenes
1231 3521 1514 3577 institutaque
1555 3520 1816 3566 Graecarum
1855 3523 2079 3567 civitatum

550 3577 785 3633 noscenda,
818 3578 893 3636 Sp.
915 3578 1166 3624 Postumius
1188 3580 1327 3625 Albus
1350 3580 1631 3636 Regillensis,
1653 3581 1703 3623 A.
1727 3580 1910 3625 Manlius
1930 3582 2079 3634 Vulso,
