2392 4016
294 213 367 246 ΧΙΙ
1097 202 1157 240 De
1188 202 1420 240 auctoribus

294 351 408 394 bella
436 349 664 405 praecipue
696 350 950 403 persecutus
984 351 1064 390 est.
1118 347 1236 390 Idem
1266 346 1466 398 Nearchi,
1498 344 1705 400 praefecti
1735 344 1858 399 regii,
1890 347 2207 388 commentariis

297 434 400 463 usus
431 419 691 475 singularem
721 418 914 462 libellum
945 418 996 462 de
1026 419 1176 462 Indica
1206 417 1481 473 expeditione
1509 414 1745 458 Alexandri
1773 416 2029 470 composuit,
2068 417 2207 459 bonae

296 492 433 547 frugis
465 490 652 547 plenum.
712 490 942 533 Praeterea
971 490 1219 531 Plutarchus
1248 489 1479 530 Alemandri
1507 487 1639 529 vitam
1671 498 1751 528 sua
1779 487 1945 528 ratione
1967 485 2211 541 descripsit,

295 564 322 605 i.
347 576 383 604 e.
419 564 465 604 ut
495 561 713 604 hominum
742 574 883 604 mores
916 564 1043 616 atque
1074 573 1144 603 res
1176 561 1364 616 privatas
1397 558 1641 601 accuratius
1662 556 1913 611 explicaret,
1945 570 2073 613 quam
2097 557 2215 599 bella

297 637 370 676 aut
400 633 603 676 instituta
626 610 818 687 publica.
891 632 977 675 Sed
1008 634 1187 674 Diodori
1223 631 1332 673 liber
1366 630 1435 682 17,
1474 630 1520 672 in
1551 628 1702 671 eodem
1731 631 1983 684 argumento
2021 640 2214 680 versans,

297 705 514 761 pessimus
548 705 629 756 est,
661 716 711 746 ac
743 704 970 759 perspicue
1003 702 1205 754 ostendit,
1243 701 1496 756 quantulum
1527 699 1628 743 fidei
1656 700 1902 743 huiusmodi
1931 700 2215 756 scriptoribus

297 776 575 820 tribuendum
601 775 672 827 sit,
704 775 790 817 nisi
825 775 878 816 de
910 775 1165 817 auctoritate
1193 773 1412 825 librorum,
1444 784 1553 828 quos
1575 770 1875 826 excripserint,
1905 772 2012 814 satis
2032 773 2215 814 constet.

297 848 348 891 In
378 848 457 890 hac
491 845 663 901 quidem
695 846 838 900 operis
870 848 994 900 parte
1026 844 1262 887 Diodorum
1288 844 1508 896 Clitar-cho,
1540 843 1768 899 ingenioso
1800 843 2014 899 scriptori,
2046 842 2124 886 sed
2155 842 2217 885 hi-

299 919 457 962 storico
487 929 635 973 parum
669 915 799 969 fideli,
829 918 967 958 totum
999 928 1096 958 sese
1128 915 1360 958 tradidisse
1391 917 1657 971 compertum
1689 916 1768 957 est.

415 989 484 1032 Ex
513 1000 597 1043 quo
628 988 898 1043 intelligitur,
931 1000 1058 1042 quam
1079 987 1290 1030 lubricum
1314 995 1511 1042 campum
1530 985 1836 1042 ingrediamur,
1869 998 1967 1029 cum
1990 986 2044 1029 ad
2064 1001 2218 1028 succes-

300 1077 410 1104 sores
430 1060 660 1102 Alexandri
680 1059 833 1113 Mayni
864 1053 1120 1111 (διαδόχους
1142 1057 1300 1101 Graeci
1330 1056 1574 1113 appellant)
1606 1060 1650 1100 et
1668 1070 1816 1101 eorum
1835 1060 2068 1114 perpetuas
2089 1060 2218 1112 atque

298 1132 585 1175 internecivas
618 1130 919 1172 contentiones
951 1131 1163 1182 venimus,
1205 1129 1364 1184 quippe
1394 1141 1502 1184 quas
1533 1129 1586 1172 ab
1615 1141 1703 1172 uno
1734 1131 1909 1173 auctore
1938 1131 2125 1172 Diodoro
2154 1140 2221 1171 re·

299 1203 390 1259 peti
420 1213 600 1245 necesse
633 1200 711 1252 sit,
752 1200 840 1243 nisi
869 1200 944 1243 ubi
973 1202 1222 1243 Plutarchus
1251 1202 1298 1243 in
1328 1200 1430 1243 vitis
1464 1201 1742 1243 Demosthenis
1782 1203 1828 1243 et
1856 1201 2093 1254 Phocionis,
2132 1201 2221 1242 Eu-

300 1276 435 1328 menis,
465 1274 678 1324 Demetrii,
709 1272 864 1327 Pyrrhi
893 1272 1158 1328 aliquantum
1189 1272 1301 1314 lucis
1333 1271 1535 1315 affundit:
1567 1284 1708 1328 neque
1737 1274 1883 1314 tamen
1916 1273 2054 1315 taceri
2080 1272 2221 1324 debet,

301 1346 534 1389 Diodorum
565 1345 610 1386 in
639 1344 720 1386 hac
752 1343 924 1399 quidem
955 1345 1097 1400 operis
1127 1346 1250 1400 parte
1273 1343 1392 1394 (libr.
1420 1343 1487 1386 18.
1514 1343 1582 1386 19.
1605 1342 1703 1396 20),
1734 1356 1833 1386 cum
1854 1343 2098 1399 Hieronymi
2122 1344 2222 1386 Car-

304 1419 419 1464 diam·
447 1415 640 1459 historiis
671 1427 777 1458 usus
810 1415 882 1468 sit,
913 1416 1043 1471 longe
1074 1415 1229 1457 melius
1261 1427 1390 1470 quam
1420 1414 1467 1456 in
1495 1415 1626 1458 rebus
1656 1413 1894 1457 Alexandri
1924 1414 2223 1458 describendis

303 1491 525 1531 versatum
565 1486 715 1529 videri.
784 1486 958 1528 Arriani
986 1487 1192 1529 librorum
1234 1485 1286 1528 de
1315 1485 1444 1528 rebus
1482 1488 1584 1541 post
1611 1484 1904 1529 Alexandrum
1933 1486 2040 1529 nihil
2068 1488 2219 1538 restat,

300 1562 471 1615 praeter
500 1570 638 1614 pauca
669 1560 874 1613 excerpta
903 1557 1018 1613 apud
1057 1558 1246 1600 Photium
1276 1557 1382 1600 Ood.
1415 1557 1492 1611 92,
1531 1569 1640 1613 quae
1677 1557 1854 1600 minime
1882 1558 2023 1600 levem
2051 1557 2224 1600 illorum

301 1632 511 1674 iacturam
542 1642 639 1672 esse
671 1630 777 1672 satis
809 1629 1062 1672 ostendunt:
1103 1631 1254 1672 contra
1282 1629 1434 1671 Iustini
1464 1629 1652 1684 epitome
1681 1629 1790 1672 nihil
1819 1631 1889 1673 est
1916 1629 1963 1672 in
1991 1629 2073 1672 hac
2101 1631 2224 1684 parte

303 1702 609 1759 perturbatius,
639 1701 746 1743 nihil
775 1700 1039 1743 mendacius.

421 1773 593 1816 Interea
629 1773 878 1826 Macedonia
917 1773 960 1814 et
996 1770 1175 1814 Graecia
1215 1772 1328 1824 ipsa,
1372 1784 1551 1827 quarum
1590 1772 1813 1828 possessio
1850 1772 2027 1828 regibus
2064 1772 2225 1815 bellum

307 1845 559 1900 gerentibus
591 1846 808 1899 tamquam
838 1843 1037 1885 ultimum
1074 1841 1312 1897 praemium
1350 1843 1619 1898 propositum
1650 1846 1762 1896 erat,
1799 1856 2002 1899 magnam
2030 1843 2226 1885 fortunae

304 1917 555 1959 varietatem
586 1917 789 1970 expertae
822 1916 964 1957 erant:
999 1915 1043 1955 et
1073 1915 1353 1956 accesserant
1378 1914 1535 1956 Gallici
1565 1915 1757 1956 tumultus
1789 1915 1857 1966 (de
1889 1915 2046 1970 quibus
2077 1917 2228 1957 auctor

307 1991 374 2031 est
403 1988 639 2029 Pausanias
669 1987 716 2029 in
736 1986 938 2029 Phocicis
971 1997 1006 2027 s.
1030 1985 1104 2027 lib.
1121 1983 1181 2037 X,
1214 1997 1307 2040 cap.
1328 1984 1515 2037 19—23,
1547 1988 1592 2028 et
1619 1986 1667 2027 in
1695 1985 1856 2029 Atticis
1889 2000 1924 2029 s.
1955 1987 2029 2029 lib.
2047 1986 2081 2038 I,
2113 1999 2150 2028 c.
2165 1985 2227 2037 4),

305 2060 380 2116 qui
415 2058 710 2101 Macedoniam
748 2057 1003 2114 affligerent.
1076 2056 1270 2098 Tandem
1314 2069 1413 2098 cum
1442 2054 1690 2112 Antigonus
1724 2057 1938 2110 Gonatas‚
1978 2057 2116 2100 Gallis
2156 2057 2228 2099 de-

306 2131 470 2187 pulsis,
510 2129 787 2171 Macedoniae
818 2141 1002 2184 regnum
1033 2130 1282 2180 assecutus,
1323 2141 1349 2170 a
1388 2129 1646 2186 gravissimo
1685 2129 1931 2172 adversario
1959 2130 2120 2184 Pyrrho
2151 2128 2228 2180 (de

307 2202 430 2245 cuius
471 2201 600 2243 rebus
650 2199 749 2242 vide
791 2199 1010 2241 Plutarchi
1052 2198 1233 2248 librum)
1273 2199 1480 2242 liberatus
1514 2202 1651 2251 esset,
1679 2203 1871 2255 ‘utraque
1908 2203 2024 2242 terra
2053 2201 2228 2242 meliore

309 2276 424 2316 statu
454 2285 596 2315 rerum
627 2271 712 2313 frui
744 2271 902 2325 coepit,
934 2270 1036 2312 dum
1055 2270 1312 2312 Macedones
1344 2270 1564 2325 legitimos
1595 2284 1723 2326 reges
1756 2283 1858 2313 suos
1889 2271 2063 2322 habent,
2097 2269 2229 2313 Grae-

310 2357 458 2387 corum
479 2344 671 2395 libertas,
701 2341 913 2402 institutis
935 2339 1207 2384 Achaeorum
1229 2343 1273 2383 et
1291 2339 1543 2383 Aetolorum
1564 2343 1776 2395 conciliis,
1811 2341 2059 2385 efflorescit.
2105 2341 2230 2393 Quod

308 2416 442 2473 igitur
471 2415 684 2470 reliquum
721 2415 791 2456 est
834 2413 1040 2455 historiae
1074 2413 1336 2456 Graecorum
1367 2415 1411 2454 et
1440 2413 1722 2456 Macedonum
1751 2426 1893 2468 usque
1925 2413 1980 2455 ad
2009 2414 2229 2456 interitum

309 2487 536 2539 libertatis,
567 2485 727 2541 partim
761 2498 786 2525 a
815 2497 958 2526 rerum
988 2485 1277 2527 Romanarum
1309 2485 1575 2538 auctoribus,
1605 2486 1815 2541 imprimis
1845 2485 1984 2538 Livio,
2023 2486 2098 2540 qui
2127 2497 2231 2540 quo-

310 2558 566 2612 tiescunque
597 2556 780 2598 facultas
813 2556 951 2608 datur,
983 2556 1035 2599 de
1067 2559 1183 2599 statu
1209 2556 1416 2599 Graeciae
1446 2569 1682 2599 memorare
1712 2570 1799 2599 non
1828 2558 2000 2609 omittit,
2027 2558 2186 2613 partim
2206 2570 2233 2599 a

314 2629 483 2672 duobus
515 2627 697 2670 Graecis
730 2627 1028 2682 scriptoribus,
1059 2629 1283 2671 Plutarcho
1316 2629 1386 2679 (in
1415 2629 1517 2671 vitis
1548 2629 1675 2671 Arati
1704 2632 1747 2671 et
1766 2628 2098 2683 Philopoemenis,
2128 2630 2233 2684 Δρί-

313 2702 377 2742 dis
407 2701 451 2742 et
485 2698 725 2748 Cleomenis)
759 2701 802 2741 et
831 2699 1002 2754 Polybio
1033 2701 1256 2755 repetitur.
1317 2700 1490 2755 Polybii
1521 2700 1695 2755 quidem
1723 2701 2002 2743 historiarum
2030 2701 2143 2752 libri,
2178 2700 2232 2742 de

314 2771 469 2827 quibus
493 2770 628 2826 paulo
658 2772 760 2825 post
791 2770 1019 2813 dicendum
1053 2772 1148 2824 erit,
1179 2774 1350 2828 praeter
1381 2771 1568 2826 quinque
1600 2772 1734 2815 libros
1756 2773 1937 2828 priores,
1968 2784 2055 2814 non
2074 2772 2234 2827 integri

314 2843 370 2886 ad
398 2843 588 2884 nostram
618 2844 802 2884 aetatem
833 2844 1057 2894 venerunt,
1090 2846 1370 2885 veruntamen
1401 2845 1468 2884 tot
1498 2846 1672 2897 tamque
1702 2843 1894 2899 insignia
1913 2843 2159 2899 fragmenta
2179 2842 2232 2885 de

314 2914 443 2958 rebus
476 2912 738 2956 Graecorum
769 2915 939 2956 servata
969 2916 1089 2966 sunt,
1131 2917 1178 2957 ut
1216 2927 1294 2957 suo
1335 2914 1519 2969 quodam
1550 2915 1643 2956 iure
1674 2915 1787 2957 inter
1814 2915 2074 3006 praecipuos
2104 2915 2232 2956 huius

262 2994 273 3000 ’
317 2985 473 3028 aetatis
506 2986 704 3027 auctores
734 2983 884 3026 referri
914 2984 1080 3027 debeat.

433 3055 630 3099 Aliorum
661 3068 763 3098 vero
795 3072 1005 3111 reynerum
1044 3060 1145 3113 post
1180 3070 1371 3113 pugnam
1403 3058 1517 3113 apud
1546 3058 1695 3113 Ipsum
1727 3057 1838 3108 (301
1872 3070 1910 3099 a.
1934 3055 2062 3109 Chr.)
2094 3070 2120 3099 a
2147 3057 2234 3099 Ma-

317 3120 555 3172 cgdonibus
594 3130 636 3170 in
665 3128 771 3170 Asia
803 3138 841 3170 et
870 3129 1058 3184 Aeyypto
1090 3131 1334 3172 conditorum
1372 3131 1543 3170 historia
1580 3141 1758 3184 prorsus
1795 3129 1939 3171 nullos
1977 3129 2108 3171 habet
2142 3128 2234 3171 ido-

319 3211 428 3243 neos
461 3198 675 3252 auctores,
705 3212 846 3254 neque
879 3212 982 3242 sane
1012 3200 1181 3243 videtur
1210 3213 1468 3256 magnopere
1499 3201 1668 3253 mereri,
1703 3201 1903 3256 quoniam
1932 3199 2096 3256 populi,
2126 3211 2234 3254 quos

324 3271 495 3313 nescias
531 3269 720 3313 Graecos
754 3284 807 3312 an
838 3271 1042 3314 barbaros
1076 3273 1282 3328 appelles,
1313 3273 1430 3315 omni
1458 3273 1610 3315 robore
1642 3273 1880 3315 animorum
1909 3272 2127 3324 carebant,
2164 3284 2234 3313 res

319 3343 517 3384 militaris
556 3353 689 3397 penes
729 3342 960 3385 seditiosos
1001 3345 1044 3385 et
1081 3344 1278 3387 imbelles
1309 3344 1600 3386 mercenarios
1641 3347 1746 3397 erat,
1786 3344 1934 3399 regiae
1965 3343 2117 3385 domus
2148 3342 2235 3383 An-

320 3413 505 3455 tiochiae
538 3415 582 3455 et
610 3411 897 3455 Alexandriae
928 3414 1099 3456 luxuria
1130 3414 1383 3460 diffluebant
1413 3416 1614 3471 omnique
1646 3428 1804 3471 genere
1836 3414 2049 3457 scelerum
2080 3425 2130 3454 ac
2159 3412 2235 3454 fla-

323 3485 525 3539 gitiorum
559 3485 971 3527 contaminabantur.
1042 3486 1252 3542 Pleraque
1284 3487 1339 3529 ad
1368 3488 1593 3530 historiam
1623 3486 1776 3529 herum
1800 3497 2035 3541 regnorum
2065 3483 2235 3530 ex,Ro-

323 3572 528 3599 manarum
558 3572 688 3600 rerum
717 3558 980 3610 scriptoribus
1011 3560 1257 3611 sumuntur,
1297 3560 1499 3615 quoniam
1534 3559 1662 3602 huius
1691 3557 1843 3613 populi
1872 3555 2106 3599 auctoritas
2135 3554 2235 3599 inde
