2392 4016
0 979 6 1086 §.w-v,-
0 811 7 973 W,
0 707 7 810 vso——
0 556 7 698 ..ι--μ-
0 492 3 505 -
0 462 5 485 v

131 325 224 368 μῦ.
283 334 357 360 u.c

132 371 220 416 166
282 371 369 416 919

133 963 218 1008 167
278 960 368 1007 920

136 1198 223 1243 109
262 1197 368 1266 χ991

133 1375 217 1419 169
281 1372 367 1418 922

129 1727 218 1772 170
277 1725 363 1771 923

83 2070 87 2074 ’
134 2080 214 2124 171
279 2078 367 2123 924

133 2315 216 2360 172
280 2313 367 2359 925

136 2908 220 2954 173
282 2906 368 2952 926

4 3004 34 3043 Χῑ
135 3028 220 3072 174
281 3025 366 3070 927

572 178 623 218 ab
656 190 764 218 anno
795 190 834 229 p.
859 177 955 218 Chr.
993 179 1076 220 154
1106 190 1234 230 nsque
1265 180 1316 220 ad
1347 192 1495 220 annum
1532 181 1628 223 1⁷5.
1983 181 2067 228 168

359 324 505 366 ‚imp

461 369 488 414 6
553 367 654 413 Cos.
686 365 736 421 Q.
760 366 973 414 Servilius
994 368 1184 424 Pudens,
1214 368 1265 413 L.
1285 369 1485 415 Fufidius
1506 370 1679 423 Pollio.)
1724 371 1927 418 Parthico
1946 372 2063 419 bello

584 425 731 479 finito,
777 430 821 471 et
841 427 956 473 Vero
987 426 1117 482 (cum
1153 427 1439 474 histrionibus
1479 431 1619 474 omnis
1659 430 1855 487 generis)
1884 432 2068 477 Romam

433 491 484 526 t-r.
582 497 773 540 reverso,
815 489 932 531 ambo
963 489 1057 544 imp.
1091 489 1340 544 triumphant
1375 491 1422 533 et
1449 488 1643 532 Parthici
1671 490 1871 544 Maximi,
1910 492 2069 536 Modica·

413 550 501 597 pot.
590 544 886 602 appellantur,
926 547 1252 604 imperatorium
1280 547 1455 592 titulum
1486 550 1688 605 quartum
1719 553 1907 594 sumunt.
1977 550 2066 595 Sed

430 606 486 645 20
590 616 728 647 novae
769 604 1041 650 calamitates
1079 607 1309 663 ingruunt,
1347 606 1598 664 pestilentia
1635 606 1765 663 longe
1797 609 2067 662 saevissima,

581 661 687 720 (quo
717 665 850 720 temp.
889 664 1089 708 Claudius
1123 665 1320 720 Galenus,
1351 665 1664 724 Pergamenus,
1696 666 1858 710 Romae
1891 667 2065 711 medici-

585 734 684 766 nam
726 721 939 776 factitat‚)
978 723 1107 767 simul
1146 724 1309 767 bellum
1347 737 1447 769 oum
1478 725 1784 768 Marcomannis
1814 729 1859 769 et
1894 726 2066 780 Quadis,

587 780 761 838 populis
784 780 1073 836 Germanicis,
1104 783 1330 839 superiore
1362 796 1475 828 anno
1507 786 1724 841 coeptum,
1756 784 1811 828 ad
1842 785 1958 842 quod
1989 798 2065 842 ge·

583 839 767 884 rendum
798 840 925 884 ambo
957 840 1059 898 imp.
1092 841 1292 898 profecti,
1323 841 1551 900 Aquileiae
1581 843 1842 888 subsistunt.

641 897 908 943 Commodus
945 899 1012 943 12.
1044 900 1140 944 001.
1173 899 1336 945 Caesar
1366 901 1621 959 appellatur.

457 958 484 1002 7
546 955 648 1001 Cos.
681 956 790 1015 Imp.
821 956 873 1001 L.
896 957 1039 1003 Verus
1070 959 1151 1014 III,
1182 960 1238 1003 M.
1272 960 1516 1006 Ummidius
1548 961 1825 1015 Quadratus.)
1885 961 2067 1007 Barbari

584 1017 920 1073 imperatoribus
953 1030 1002 1062 se
1034 1019 1309 1074 submittunt,
1340 1033 1494 1078 pacem
1525 1021 1760 1078 accipiunt,
1799 1021 1990 1079 Augusti
2019 1022 2066 1065 in

582 1076 734 1119 urbem
754 1075 953 1120 redeunt.
986 1076 1195 1122 Claudius
1216 1078 1509 1137 Pompeianus
1525 1079 1776 1124 Pannoniae
1796 1079 1920 1124 infer.
1942 1093 2067 1138 prae·

586 1137 668 1189 est,
702 1134 752 1187 Q.
785 1135 936 1179 Iunius
967 1136 1176 1181 Rusticus
1207 1138 1320 1182 urbi.

423 1205 426 1208 ’
464 1194 492 1238 8
554 1192 656 1237 Cos.
689 1193 740 1237 L.
762 1194 1002 1239 Venuleius
1022 1196 1254 1241 Montanus
1274 1196 1552 1254 Apronianus
1574 1198 1631 1251 II,
1662 1197 1712 1241 L.
1737 1197 1918 1254 Sergius
1941 1197 2067 1242 Paul·

586 1253 655 1297 lus
673 1252 748 1309 ΙΙ.)
769 1252 938 1298 Novam
958 1255 1282 1311 expeditionem
1298 1258 1522 1314 suscipere
1537 1260 1754 1314 coguntur
1768 1258 2066 1314 imperatores,

582 1312 630 1355 in
660 1325 747 1369 qua
775 1313 958 1357 vincunt
985 1312 1117 1371 (imp.
1137 1313 1208 1369 v).

456 1371 485 1416 9
547 1370 650 1415 Cos.
682 1370 732 1424 Q.
765 1372 973 1429 Pompeio
1005 1372 1248 1418 Senecione
1279 1373 1409 1419 Sosio
1439 1374 1608 1427 Prisco,
1640 1374 1688 1417 P.
1722 1373 1871 1418 Caelio
1901 1373 2066 1430 Apolli-

585 1443 688 1473 nare
726 1431 780 1474 L.
806 1431 935 1474 Verus
972 1433 1018 1475 in
1055 1433 1199 1477 reditu
1239 1433 1422 1477 Romam
1459 1432 1619 1487 Altini,
1657 1432 1817 1490 oppido
1838 1433 2065 1486 Venetiae,

431 1494 483 1528 tr·
583 1488 728 1532 media
755 1490 897 1534 hieme
927 1491 1132 1547 apoplexi
1160 1494 1342 1546 moritur,
1374 1505 1427 1537 eo
1456 1495 1625 1536 tantum
1655 1491 1921 1545 laudabilis,
1950 1492 2068 1548 quod

412 1553 501 1600 pot.
591 1547 776 1591 consilia
804 1548 950 1593 fratris
981 1561 1069 1593 non
1098 1551 1397 1608 impediverat.
1442 1551 1615 1595 Marcus
1638 1550 1864 1607 deportato
1886 1551 2067 1594 Romam

427 1609 482 1647 28
585 1619 766 1709 οοὲιροτθ
805 1607 928 1652 fratri
965 1607 1137 1653 divinos
1175 1611 1363 1654 honores
1403 1613 1646 1667 comparat,
1686 1611 1782 1666 ipse
1820 1609 1875 1653 ad
1905 1610 2068 1654 bellum

580 1679 629 1709 re
663 1667 709 1709 ‘t.

429 1725 484 1769 10
546 1723 648 1770 009.
679 1725 736 1769 Μ.
768 1725 998 1770 Cornelius
1032 1725 1268 1784 Cethegus,
1302 1726 1350 1771 C.
1381 1727 1569 1771 Erucius
1600 1727 1787 1778 Clarus.)
1818 1727 1869 1770 Id
1899 1739 2069 1770 summa

585 1785 630 1828 vi
650 1784 838 1839 Marcus,
871 1784 1083 1829 Carnunti
1114 1787 1375 1841 consistens,
1407 1787 1694 1830 administrat.
1727 1786 1901 1830 Interea
1920 1785 2067 1843 Aegy-

581 1846 683 1900 ptus
713 1847 895 1901 pacatur
931 1845 984 1888 ab
1005 1844 1163 1892 Avidio
1186 1845 1356 1900 Cassio,
1389 1848 1433 1890 et
1451 1846 1592 1890 Mauri
1611 1859 1667 1890 ex
1687 1845 1811 1902 Hisp.
1832 1845 2064 1902 pelluntur.

583 1902 690 1946 Veri
709 1903 900 1957 viduam,
929 1903 1063 1947 filiam
1085 1917 1223 1958 suam,
1242 1905 1414 1949 Marcus
1433 1904 1616 1951 Claudio
1637 1905 1916 1961 Pompeiano,
1948 1904 2068 1961 equi-

585 1961 644 2005 tis
676 1962 801 2005 Rom.
834 1961 938 2017 filio,
970 1963 1048 2006 sed
1078 1963 1170 2007 viro
1193 1964 1395 2022 sapienti,
1427 1965 1475 2009 in
1495 1965 1818 2009 matrimonium
1839 1964 1926 2007 dat.
1977 1963 2066 2006 An·

584 2021 683 2065 nius
704 2021 847 2066 Verus
868 2021 1042 2066 *Caesar
1071 2024 1266 2067 moritur.

430 2077 481 2121 11
548 2075 650 2123 Cos.
683 2080 735 2124 Τ.
767 2080 971 2126 Statilius
1005 2081 1194 2126 Severus
1226 2081 1464 2140 (patronus
1498 2082 1682 2139 Septim.
1717 2080 1884 2133 Severi,
1923 2078 2066 2123 affinis

586 2140 668 2193 sui,
698 2142 854 2196 postea
881 2141 1183 2197 imperatoris)
1214 2144 1258 2186 et
1278 2142 1328 2186 L.
1350 2141 1536 2187 Alfidius
1557 2138 1894 2190 Herennianus.)
1934 2138 2066 2182 Athe-

583 2199 761 2243 nienses
780 2199 999 2244 Herodem
1027 2199 1223 2244 Atticum
1254 2203 1465 2245 accusant
1495 2200 1611 2257 apud
1640 2201 1743 2257 imp.
1775 2199 1822 2243 in
1843 2198 2069 2242 Pannonia

495 2260 498 2263 '
582 2260 842 2302 versantem.
914 2267 932 2277 “

432 2312 486 2357 12
551 2313 653 2361 Cos.
692 2317 907 2361 Maximus
947 2321 992 2362 et
1028 2317 1225 2372 Orfitus.)
1288 2317 1399 2362 Cum
1435 2317 1753 2370 Marcomanni,
1797 2315 1960 2369 Quadi,
1999 2315 2066 2359 Ia-

586 2389 721 2434 zyges
762 2378 1018 2434 ceteraeque
1065 2380 1220 2434 gentes
1267 2374 1381 2421 inter
1420 2377 1607 2421 Galliam
1647 2379 1692 2420 et
1729 2376 1909 2419 Daciam
1946 2378 2067 2418 trans

585 2435 834 2479 Danubium
862 2436 1056 2480 colentes
1078 2436 1220 2480 denuo
1240 2436 1542 2489 rebellassent,
1574 2436 1759 2487 Marcus,
1791 2436 1840 2477 ut
1857 2434 2067 2490 populum

585 2495 749 2538 tributo
780 2494 958 2548 levaret,
988 2495 1191 2538 instituta
1219 2508 1363 2538 rerum
1394 2494 1633 2538 aulicarum
1665 2493 1880 2546 auctione,
1910 2493 2067 2537 iterum

587 2554 728 2597 Roma
756 2552 993 2610 profectus,
1023 2553 1231 2598 barbaros
1263 2554 1553 2610 persequitur,
1584 2552 1872 2597 Germanicus
1905 2551 2000 2608 ipse
2023 2555 2069 2595 et

588 2611 853 2656 Commodus
884 2611 943 2655 fil.
975 2612 1261 2669 appellantur.
1335 2612 1518 2656 Helvius
1549 2612 1771 2663 Pertinax,
1810 2610 1885 2679 qui
1915 2613 2069 2667 postea

536 2754 539 2756 >
583 2674 827 2774 3¹33?sz
858 2670 2070 2785 {32035232383333333usstass?⁸33⁰aasz

586 2801 723 2892 98111139
749 2788 818 2857 ‘ad
856 2790 1004 2832 01119111
1046 2790 1321 2846 imperatoris
1363 2788 1643 2842 transfertur,
1689 2786 1860 2832 reddita
1897 2787 2069 2831 senatui

621 2861 667 2891 ar
699 2860 800 2890 11119.

433 2905 486 2949 13
549 2903 651 2950 Cos.
671 2906 727 2949 M.
750 2905 955 2950 Aurelius
978 2906 1166 2951 Severus
1189 2906 1246 2961 11,
1279 2906 1347 2951 Ti.
1372 2905 1579 2951 Claudius
1596 2905 1886 2962 Pompeianus
1919 2903 2069 2956 (Marci

432 3022 487 3068 14
551 2963 967 3082 effipaffnffniiius
1001 3023 1246 3069 Trebonius
1280 3023 1449 3077 Gallus,
1479 3022 1661 3067 Fulvius
1693 3020 1881 3090 Flaccus
1904 3018 2065 3089 Corne-

587 3082 762 3134 lianus.)
832 3082 897 3126 De
933 3082 1092 3133 Quadis
1131 3084 1177 3127 in
1215 3083 1409 3140 ipsorum
1449 3085 1565 3125 terra
1602 3093 1802 3138 magnam
1840 3082 2069 3123 victoriam

587 3141 759 3186 Marcus
780 3144 986 3199 reportat,
1019 3154 1106 3186 non
1129 3142 1223 3186 sine
1248 3141 1422 3185 numine
1444 3140 1606 3194 divino,
1638 3152 1736 3184 cum
1759 3138 1919 3182 milites
1941 3140 2068 3181 aestu

589 3201 663 3244 siti
695 3213 750 3244 ue
787 3201 933 3245 enecti
971 3213 1084 3257 aqua
1112 3201 1261 3258 pluvia
1298 3199 1444 3243 subito
1482 3202 1579 3244 orta
1608 3198 1912 3250 reficerentur,
1951 3194 2069 3253 quod

585 3212 833 3362 0103131991
872 3272 898 3303 9
937 3259 1224 3317 scriptoribus
1257 3257 1517 3303 Christianis
1559 3258 1711 3315 pietati
1749 3256 1937 3312 legionis
1976 3254 2067 3299 XII

590 3317 676 3371 (ful
741 3316 891 3370 natae)
929 3318 1060 3376 vulgo
1089 3318 1308 3363 tribuitur.
1365 3317 1537 3363 Marcus
1575 3318 1677 3374 imp.
1711 3324 1780 3359 vu
1812 3314 2067 3372 appellatur,

587 3389 667 3433 per
696 3377 828 3421 breve
857 3379 1030 3435 tempus
1062 3378 1108 3421 in
1139 3376 1290 3421 urbem
1317 3375 1444 3421 redit.

142 3437 222 3481 175
286 3434 372 3480 928
439 3434 492 3479 15
554 3434 657 3481 Cos.
688 3435 738 3480 L.
772 3434 1035 3494 Calpurnius
1066 3436 1169 3480 Piso
1210 3437 1255 3480 91
1285 3434 1460 3480 Salvius
1493 3434 1687 3479 Iulianus
1728 3430 1853 3486 (suff.
1884 3431 1935 3475 Ρ.
1966 3430 2069 3475 Hel-

589 3497 680 3539 vius
708 3496 923 3549 Pertinax,
962 3495 1038 3553 qui
1068 3495 1226 3539 absens
1266 3506 1358 3539 cos.
1390 3494 1560 3553 gessit).
1622 3493 1715 3537 Pax
1746 3503 1844 3535 cum
1872 3490 2068 3535 barbaris

592 3568 645 3599 ea
673 3554 930 3599 condicione
961 3555 1248 3612 componitur,
1287 3556 1337 3599 nt
1365 3567 1392 3598 a
1423 3553 1622 3598 Danubio
1653 3551 1921 3608 aliquantum
1951 3562 2069 3595 rece·

1648 3621 1733 3663 11·
