2392 4016
304 164 360 210 54
1064 163 1242 204 Annales
1272 163 1459 203 Romani.

699 405 762 470 ο.
845 371 1243 470 ΙΜΡΕΒΙύΜ
1285 391 1826 469 ROMANORUM.

470 576 616 619 Prima
643 578 849 634 periodus,
879 579 1012 633 qentis
1042 579 1164 621 initia
1195 587 1232 620 et
1261 586 1407 632 septem
1438 592 1576 633 regum
1607 578 1816 621 historiam
1849 578 2062 629 continens,

1058 652 1182 691 usque
1212 638 1271 679 ad
1297 652 1336 679 a.
1369 635 1469 680 510.

1935 721 1966 746 a.
1991 712 2076 745 Chr.
2121 723 2154 745 u.
2179 722 2207 744 c.

305 757 511 814 Vulgaris
543 757 656 814 apud
676 757 894 801 Romanos
925 757 1039 800 fama
1069 760 1137 801 est
1163 758 1361 800 Troianos
1393 758 1533 812 patria
1558 756 1724 814 pulsos,
1755 758 1896 799 Aenea

365 815 489 868 duce,
521 828 657 872 usque
687 815 742 859 ad
759 816 930 860 Tiberis
953 815 1065 860 ostia
1085 818 1352 873 penetrasse,
1383 816 1445 860 ibi
1466 828 1566 859 cum
1585 815 1895 872 Aboriginibus

367 875 621 918 coniunctos
650 875 800 918 urbem
830 875 1048 918 Lavinium
1079 874 1347 918 condidissez
1379 875 1502 931 genti
1529 888 1686 919 nomen
1716 874 1890 917 Latino-
1955 874 2064 918 1181

365 938 451 974 ram
481 946 507 974 a
536 946 640 989 rege
670 933 957 989 Aboriginum
988 933 1146 977 Latino
1177 933 1363 977 inditum
1394 945 1506 977 esse.

307 992 415 1035 Post
445 1003 602 1034 annum
634 992 901 1034 tricesimum
922 992 1035 1033 Alba
1056 992 1179 1046 lonqa
1201 991 1375 1035 condita
1394 991 1528 1035 fertur
1547 1004 1625 1048 per
1647 990 1897 1042 Ascanium,
1962 991 2070 1036 1151

372 1041 545 1092 Aeneae
576 1049 726 1102 filium,
757 1061 859 1092 mox
890 1051 1022 1105 caput
1051 1050 1195 1104 gentis
1226 1050 1354 1092 facta.

313 1106 382 1152 Ab
403 1108 485 1151 hoc
506 1108 772 1151 Albanorum
801 1119 953 1163 regum
976 1107 1111 1150 series
1143 1107 1245 1158 (vid.
1267 1107 1395 1150 Dion.
1417 1107 1452 1159 1,
1474 1107 1533 1151 70
1553 1120 1631 1163 seq
1635 1107 1770 1150 .Liv.
1796 1108 1835 1159 1,
1856 1107 1901 1158 3)

369 1166 599 1267 {leducitur
631 1178 768 1222 usque
799 1166 855 1209 ad
874 1165 1057 1209 Procam
1080 1165 1259 1222 eiusque
1279 1165 1394 1214 filios
1414 1121 1687 1210 Numitorem
1707 1168 1752 1209 et
1770 1165 1902 1208 Amu-

386 1237 474 1268 ium

311 1283 509 1327 Amulius
540 1283 747 1325 maiorem
777 1281 953 1325 fratrem
982 1283 1108 1338 regia
1138 1282 1349 1339 dignitate
1380 1283 1536 1339 privat,
1569 1283 1663 1326 eius
1682 1280 1852 1325 filium
1839 1295 1903 1325 m·

372 1342 547 1393 terimit,
591 1340 723 1384 filiam
754 1340 879 1384 Iliam
910 1341 1001 1384 sive
1033 1340 1214 1385 Silviam
1234 1341 1455 1385 Vestalem
1487 1341 1757 1385 sacerdotem
1787 1340 1904 1384 facit.

312 1400 400 1446 Sed
419 1400 512 1443 Rea
533 1400 669 1444 Silvia
700 1413 726 1442 a
745 1400 880 1443 Marte
913 1411 1165 1455 compressa
1193 1401 1390 1456 geminos
1421 1413 1579 1455 pueros
1602 1400 1784 1456 peperit,
1818 1399 1904 1442 Ro-

369 1460 515 1502 mulum
555 1461 599 1502 et
637 1458 825 1511 Remum,
873 1459 926 1502 ab
964 1457 1138 1502 Amulio
1176 1459 1275 1502 neci
1321 1459 1584 1512 destinatos,
1631 1472 1657 1501 a
1693 1458 1903 1501 Faustulo

370 1520 543 1573 pastore
576 1519 620 1560 et
651 1517 744 1560 eius
779 1528 915 1560 uxore
944 1515 1066 1560 Acca
1084 1516 1289 1562 Larentia
1319 1519 1515 1561 servatos
1547 1519 1675 1572 atque
1707 1515 1902 1560 eductos.

313 1577 397 1630 Qui
425 1575 598 1620 Amulio
627 1576 774 1618 occiso
806 1587 971 1631 avoque
1002 1576 1048 1619 in
1076 1588 1259 1631 regnum
1288 1577 1512 1628 restituto,
1552 1576 1701 1619 urbem
1736 1575 1904 1617 Romam

370 1636 417 1678 in
447 1637 592 1678 monte
623 1634 820 1677 Palatino
853 1634 1101 1678 condidisse
1132 1634 1372 1688 traduntur,
1403 1634 1587 1687 Paliliis,
1617 1634 1664 1677 id
1693 1636 1763 1678 est
1792 1647 1830 1677 a.
1862 1632 1903 1677 d.

370 1693 451 1737 XI.
485 1693 574 1737 Cal.
605 1692 740 1737 Maias
769 1690 857 1747 (21.
879 1691 1034 1749 April.)
1083 1692 1254 1750 Olymp.
1288 1693 1328 1746 6,
1361 1693 1388 1737 3
1420 1695 1606 1737 exeunte
1621 1690 1666 1743 ¹⁸¹)
1996 1689 2083 1734 753
2186 1690 2206 1732 l

429 1867 477 1921 ²⁸¹)
516 1868 630 1907 Haec
661 1872 724 1908 est
753 1879 848 1908 aera
875 1868 1078 1915 Varronis,
1121 1880 1244 1917 quam
1285 1873 1327 1908 et
1354 1869 1547 1919 privatim
1577 1869 1760 1919 plerique
1790 1871 1969 1917 veterum
2000 1867 2242 1915 scriptorum

315 1929 443 1967 secuti
475 1932 588 1975 sunt,
629 1932 670 1966 et
699 1928 866 1977 publice
901 1928 1121 1977 imperator
1151 1926 1370 1978 Claudius,
1409 1928 1670 1977 antiquitatis
1698 1927 1906 1965 Romanae
1936 1926 2241 1972 curiosissimus,

316 1990 357 2026 in
389 1986 641 2025 celebrandis
671 1998 710 2025 a.
733 1987 816 2025 800
848 1990 943 2036 post
972 1987 1114 2025 urbem
1145 1981 1352 2025 conditam
1381 1986 1492 2027 ludis
1520 1986 1796 2026 saecularibus
1825 1987 2004 2034 itemque
2029 1985 2244 2034 Philippus

315 2047 358 2085 in
387 2057 493 2084 anno
531 2046 641 2084 1000
675 2044 932 2084 celebrando.
1004 2043 1084 2084 Sed
1114 2046 1358 2084 admonendi
1390 2046 1579 2085 videntur
1608 2046 1778 2093 tirones,
1818 2055 1868 2082 ne
1899 2045 1950 2082 ab
1981 2045 2060 2082 hac
2088 2044 2244 2082 ratione

316 2105 412 2144 illos
439 2105 707 2143 recentiorum
739 2105 993 2152 scriptorum,
1026 2105 1096 2152 qui
1127 2105 1270 2142 urbem
1290 2105 1460 2143 Romam
1491 2117 1528 2147 a.
1554 2104 1636 2142 754
1670 2104 1875 2142 conditam
1907 2103 2057 2150 dicant,
2091 2102 2243 2140 dissen-

316 2164 393 2201 tire
423 2166 586 2210 putent:
618 2174 713 2200 nam
744 2162 786 2202 hi
816 2164 900 2201 fere
930 2166 971 2201 et
1000 2162 1080 2211 ipsi
1109 2163 1286 2211 primum
1316 2174 1466 2201 annum
1495 2163 1611 2202 urbis
1641 2163 1842 2210 conditae,
1875 2162 1960 2200 sive
1990 2164 2085 2210 post
2102 2161 2244 2199 urbem

319 2221 546 2268 conditam,
586 2225 679 2259 ante
711 2219 805 2260 Chr.
842 2221 925 2259 758
964 2225 1182 2260 numerant
1211 2219 1484 2272 (quamquam
1523 2222 1647 2259 etiam
1686 2224 1798 2268 sunt,
1841 2221 1912 2268 qui
1947 2231 2112 2269 prorsus
2139 2215 2244 2257 falso

319 2290 469 2319 annum
503 2279 585 2318 754
617 2280 791 2328 primum
820 2280 933 2318 urbis
964 2280 1152 2319 conditae
1183 2277 1358 2332 dicant),
1399 2281 1471 2318 sed
1510 2283 1646 2318 errant
1681 2280 1724 2318 iu
1753 2289 1821 2326 eo,
1863 2279 1973 2327 quod
2000 2290 2084 2316 non
2113 2281 2244 2316 atten-

321 2339 423 2377 dunt
453 2338 506 2375 ad
535 2338 732 2376 rationem
764 2339 862 2377 anni
882 2337 1101 2387 Olympici,
1133 2343 1174 2377 et
1203 2350 1293 2376 eum
1325 2350 1488 2386 annum,
1522 2350 1601 2387 quo
1632 2339 1729 2376 urbs
1761 2338 2010 2384 conderetur,
2042 2337 2243 2375 diversum

318 2400 466 2447 putant
495 2397 546 2434 ab
580 2407 685 2435 anno
715 2398 844 2446 primo
868 2402 964 2446 post
994 2398 1134 2449 urbem
1165 2397 1384 2445 conditam.
1433 2396 1576 2446 Neque
1605 2408 1701 2435 vero
1731 2397 1810 2435 hoc
1841 2405 2083 2444 quemquam
2112 2395 2156 2433 in
2186 2406 2246 2432 er-

319 2467 448 2494 rorem
479 2456 677 2496 inducere*
701 2455 842 2502 debet,
884 2457 991 2504 quod
1023 2457 1066 2494 in
1104 2457 1220 2494 annis
1257 2457 1370 2495 urbis
1408 2456 1595 2494 conditae
1633 2467 1724 2494 cum
1755 2466 1848 2502 aera
1877 2453 2108 2493 Christiana
2139 2464 2246 2492 com-

320 2514 509 2564 parandis
540 2514 728 2552 deductio
759 2514 845 2553 fieri
876 2514 980 2553 solet
1011 2515 1062 2553 ab
1094 2526 1199 2553 anno
1224 2514 1322 2564 754,
1355 2515 1547 2563 quoniam
1576 2509 1738 2553 necesse
1759 2518 1832 2562 est,
1863 2525 2087 2560 numerum,
2120 2524 2145 2550 a
2166 2523 2244 2560 quo

323 2573 513 2620 deducas,
544 2583 625 2610 uno
658 2583 816 2622 augere,
848 2573 929 2612 nisi
959 2584 1050 2611 eum
1082 2578 1197 2611 extra
1226 2575 1424 2613 rationem
1455 2584 1542 2612 esse
1573 2573 1691 2612 velis.
1737 2571 1926 2611 Ceterum
1946 2583 2040 2611 vere
2061 2571 2249 2610 dissentit

322 2633 373 2670 ab
406 2642 499 2669 aera
514 2631 766 2669 Varroniana
802 2633 910 2669 ratio
945 2630 1123 2680 Catonis,
1165 2643 1286 2681 quam
1317 2632 1539 2684 Dionysius
1568 2631 1940 2671 Halicarnassensis
1977 2635 2018 2668 et
2056 2630 2247 2668 describit

322 2690 353 2738 Ι,
391 2690 458 2737 74,
502 2694 542 2728 et
571 2691 766 2738 sequitur.
828 2689 905 2728 Ille
938 2691 1043 2729 enim
1074 2691 1214 2729 urbem
1246 2702 1332 2730 esse
1363 2691 1569 2730 conditam
1607 2692 1723 2729 annis
1751 2693 1846 2739 post
1875 2690 2038 2728 Troiam
2069 2700 2247 2727 eversam

323 2749 422 2796 482,
458 2747 623 2797 Olymp.
659 2750 697 2797 7,
735 2749 771 2795 1,
805 2748 948 2787 itidem
980 2754 1154 2788 exeunte
1185 2747 1299 2802 (nam
1327 2749 1476 2789 natalis
1505 2750 1618 2788 urbis
1649 2753 1781 2788 certus
1811 2747 1903 2800 est),
1936 2748 2116 2796 tradidit,
2151 2747 2179 2786 i.
2211 2759 2247 2786 e.

323 2818 428 2846 anno
460 2811 554 2845 ante
585 2805 678 2845 Chr.
713 2809 736 2845 7
743 2806 810 2854 51,
844 2807 902 2845 ita
933 2811 991 2855 ut,
1025 2809 1094 2855 qui
1125 2810 1201 2846 hac
1232 2820 1326 2847 aera
1354 2812 1535 2857 utuntur,
1567 2819 1639 2858 per
1667 2812 1799 2847 totum
1828 2807 2022 2846 historiae
2042 2806 2248 2845 Romanae

323 2866 521 2916 spatium,
566 2865 724 2904 duobus
754 2866 872 2904 annis
902 2866 1098 2905 minorem
1127 2878 1358 2915 numerum,
1398 2879 1522 2915 quam
1540 2866 1692 2915 Varro,
1734 2871 1899 2916 ponant.
1962 2865 2116 2911 Quodsi
2144 2866 2248 2903 forte

327 2927 555 2973 quaeratur,
589 2935 694 2971 quae
725 2935 847 2962 causa
876 2924 999 2962 huius
1029 2925 1273 2964 discriminis
1302 2926 1367 2972 sit,
1402 2937 1490 2964 eam
1519 2926 1696 2964 breviter
1725 2925 1958 2974 explicabo.
2008 2923 2115 2962 Nam
2144 2923 2246 2962 Cato

325 2994 451 3022 annos
480 2986 640 3021 nostros
670 2980 735 3034 (a.
758 2979 879 3033 Chr.)
912 2983 1011 3020 324.
1045 2984 1144 3021 309.
1181 2984 1261 3022 801
1297 2984 1496 3033 proximis
1524 2984 1728 3033 prioribus
1756 2984 1926 3031 adiecit,
1966 2994 2058 3021 cum
2086 2994 2245 3031 persua-

325 3053 412 3081 sum
449 3041 634 3088 haberet,
673 3041 917 3079 dictatorum
952 3045 1197 3091 potestatem
1232 3053 1315 3080 non
1350 3042 1456 3080 ultra
1497 3052 1647 3080 annum
1687 3053 1822 3080 eorum
1854 3042 2182 3091 magistratuum,
2224 3053 2248 3078 a

327 3101 475 3149 quibus
513 3100 611 3137 dicti
651 3103 801 3148 essent,
843 3100 1009 3139 extendi
1040 3101 1237 3149 potuisse,
1276 3111 1409 3148 neque
1446 3100 1490 3138 in
1519 3112 1668 3139 annum
1705 3101 1980 3149 insequentem
2010 3100 2246 3138 excurrisse.

325 3159 388 3197 De
421 3169 498 3207 quo
532 3158 651 3196 aliter
679 3158 823 3197 statuit
840 3158 990 3197 Varro:
1024 3160 1172 3208 quibus
1201 3159 1429 3198 rationibus
1458 3160 1669 3206 adductus,
1703 3164 1775 3198 aut
1802 3163 1910 3198 recte
1939 3170 2065 3197 necne
2096 3159 2154 3197 ita
2173 3170 2249 3207 pu-

326 3219 488 3265 taverit,
520 3228 602 3255 non
633 3221 694 3255 est
722 3217 841 3255 huius
871 3217 953 3255 loci
985 3218 1208 3266 exquirere.
1262 3216 1341 3256 Sed
1371 3219 1449 3255 hac
1480 3218 1633 3256 ratione
1664 3218 1794 3256 tribus
1823 3218 1940 3256 annis
1961 3215 2107 3256 Catoni
2137 3227 2249 3266 prac-

329 3279 522 3324 curreret,
562 3287 653 3313 cum
691 3275 848 3314 duobus
885 3279 1044 3315 tantum
1083 3280 1326 3327 praecurrat.
1362 3291 1366 3294 ·
1395 3276 1598 3315 Nimirum
1627 3288 1732 3316 unus
1769 3288 1898 3316 annus
1929 3274 2077 3315 Catoni
2114 3286 2249 3314 rursus

329 3336 495 3382 accedit,
529 3335 624 3382 quia
653 3345 803 3373 annum
834 3346 870 3372 a.
881 3332 976 3374 Chr.
1007 3336 1091 3374 449
1125 3335 1275 3383 divisit,
1309 3339 1350 3374 et
1381 3347 1462 3374 cos.
1493 3337 1572 3374 hoc
1602 3347 1708 3374 anno
1740 3340 1913 3374 exeunte
1944 3339 2099 3373 creatos
2128 3334 2248 3373 etiam

328 3405 401 3442 per
429 3405 578 3431 annum
607 3393 884 3442 insequentem
913 3394 1013 3443 reip.
1045 3396 1267 3444 praefuisse
1297 3396 1454 3436 statuit.
1497 3394 1640 3443 Neque
1670 3395 1715 3433 id
1743 3395 1829 3433 sine
1851 3395 1958 3432 iusta
1979 3404 2112 3441 causa,
2146 3404 2249 3442 quae

330 3456 467 3489 tamen
499 3451 608 3500 apud
638 3463 701 3490 me
738 3463 822 3491 non
858 3455 1014 3490 tantum
1055 3454 1190 3492 valere
1220 3455 1374 3502 potuit,
1413 3457 1461 3491 ut
1490 3453 1540 3491 ab
1572 3464 1620 3491 ea
1649 3453 1806 3491 ratione
1840 3452 2105 3498 discederem,
2147 3463 2250 3500 quae

330 3510 594 3559 plurimorum
625 3510 744 3550 hodie
776 3521 973 3550 consensu
1005 3513 1188 3561 probata,
1222 3516 1262 3550 et
1292 3513 1332 3549 in
1363 3512 1490 3550 libros
1511 3511 1774 3550 scholasticae
1796 3511 2009 3550 eruditioni
2031 3509 2251 3548 destinatos
