2392 4016
308 207 392 251 170

303 574 391 618 230

305 633 387 677 231

304 750 390 794 232

303 1283 389 1327 233

307 1401 392 1444 234

305 1517 390 1562 235

308 2224 394 2269 236

310 2341 394 2386 237

309 2458 396 2503 238

449 362 470 383 u
501 361 530 383 ο.
577 354 662 390 imp.

452 573 536 617 983
629 573 655 616 9

457 632 544 677 984
607 632 662 676 10

453 749 538 795 985
602 749 652 793 11

451 1281 537 1326 986
601 1280 655 1323 12

453 1399 538 1444 987
604 1398 656 1442 13

453 1516 538 1561 988
602 1516 656 1559 14

644 1692 666 1734 1

457 2223 542 2268 989
635 2222 661 2265 2

458 2342 544 2385 990
636 2340 665 2384 3

460 2459 543 2503 991
635 2458 664 2501 4

1072 203 1252 244 Annales
1281 205 1454 246 Romani

687 418 691 421 -
757 407 903 439 carum
935 407 1085 438 severe
1115 395 1383 447 restitutam,
1414 394 1588 438 illorum
1617 396 1756 439 oculis
1789 395 2104 439 subtrahendus
2136 397 2223 438 est:

754 466 856 498 mox
886 454 1116 522 consulatu
1145 454 1398 510 perfunctus
1430 453 1659 507 Nicaeam,
1690 455 1874 511 patriam
1909 455 2077 507 urbem,
2115 454 2228 496 redit

717 527 824 616 (1331ι
825 513 1089 615 Ρῧωθίἳῗυὲ
1090 515 1339 628 Ιεὲἓὲῗζῗὲἶ
1371 524 1479 616 ⁰31ng
1509 512 2001 616 ggffifglt'fflemenfinus‚

723 631 822 676 Cos.
858 631 924 674 Ti.
959 630 1165 674 Claudius
1197 631 1502 687 Pompeianus,
1535 631 1588 674 T.
1618 631 1685 674 ΕΙ.
1716 629 2037 687 Pelignianus.)
2098 629 2224 674 Alex.

755 692 907 734 contra
936 689 1109 742 Persas,
1140 691 1312 746 imperii
1340 689 1449 734 fines
1480 691 1778 744 incursantes,
1808 689 2110 746 proficiscitur.

718 749 818 793 Cos.
842 749 966 805 Lupo
997 751 1041 792 et
1069 749 1256 792 Maximo
1285 750 1340 792 Μ.
1371 749 1587 793 Α1110111113
1619 748 1863 793 Gordianus
1894 749 2068 792 Africae
2106 761 2228 804 prae-

753 809 948 864 ponitur,
994 808 1061 851 vir
1099 809 1324 852 nobilitate
1363 821 1414 851 ac
1453 808 1616 852 divitiis
1657 808 1876 851 excellens
1892 841 1903 861 ,
1949 808 2228 863 moribusque

755 868 977 923 probatus.
1038 867 1094 910 Ei
1113 867 1234 910 Flav.
1259 867 1547 911 Philostratus
1569 867 1865 920 Atheniensis,
1898 867 2083 922 scriptor
2114 867 2229 909 vitae

756 925 1260 982 Apollonii’Tyanensis,
1291 927 1403 970 vitas
1435 927 1728 983 sophistarum
1757 926 1994 982 inscripsit.
2040 925 2228 968 Alexan-

759 984 835 1026 der
865 984 1098 1039 disciplina
1129 986 1321 1038 militari,
1353 999 1463 1040 quae
1494 986 1752 1029 Antiochiae
1783 988 1987 1041 corrupta
2017 987 2122 1037 erat,
2154 984 2230 1027 ali-

758 1044 972 1097 quatenus
1001 1043 1227 1095 restituta,
1261 1046 1412 1087 contra
1439 1043 1727 1087 Artaxerxem
1767 1044 1929 1087 bellum
1960 1044 2080 1100 gerit
2104 1065 2161 1072 —
2191 1043 2231 1086 si

757 1101 1000 1143 Romanum
1031 1102 1125 1145 eius
1157 1103 1273 1145 vitae
1305 1105 1525 1145 auctorem
1560 1101 1856 1158 Lampridium
1894 1115 2099 1158 sequare,
2136 1102 2231 1145 feli-

756 1161 954 1212 cissime,
995 1160 1034 1203 si
1064 1161 1365 1214 Herodianum,
1409 1160 1623 1205 Graecum
1654 1162 1931 1217 scriptorem,
1975 1161 2090 1204 haud
2126 1174 2230 1204 sane

754 1219 1043 1262 laudabiliter.

718 1278 818 1322 Cos.
865 1278 1052 1322 Maximo
1107 1281 1152 1322 et
1212 1279 1399 1323 Paterno
1446 1279 1628 1322 Romam
1673 1282 1875 1322 reversus
1933 1278 1959 1321 7
2004 1277 2096 1321 Cal.
2136 1277 2230 1322 Oct.

755 1338 1003 1394 triumphat.

721 1396 822 1440 Cos.
843 1397 1030 1440 Maximo
1052 1396 1095 1440 II
1127 1398 1171 1439 et
1200 1396 1375 1440 Urbano
1408 1409 1511 1440 mox
1540 1396 1749 1440 adversus
1773 1395 2013 1440 Germanos
2046 1395 2231 1439 Galliam

756 1459 965 1499 vexantes
997 1455 1301 1512 proficiscitur.

717 1516 786 1558 Ibi
809 1515 863 1559 13
895 1517 969 1558 aut
1002 1516 1057 1558 14
1079 1514 1171 1558 Gal.
1203 1514 1307 1570 Apr.
1342 1514 1503 1558 Severo
1537 1517 1581 1557 et
1602 1515 1669 1557 Ti.
1696 1513 1877 1558 Claudio
1898 1511 2076 1566 Aurelio
2101 1512 2231 1565 Quin-

759 1575 902 1617 ctiano
935 1586 1025 1617 cos.
1055 1575 1101 1616 in
1141 1574 1296 1617 castris
1329 1573 1384 1616 ad
1414 1573 1614 1616 Rhenum
1643 1577 1889 1617 versantem
1928 1573 2110 1625 milites,
2147 1571 2233 1615 for-

758 1634 914 1676 tiorem
945 1636 989 1675 et
1018 1633 1307 1676 liberaliorem
1339 1632 1564 1678 dominum>
1590 1632 1903 1686 desiderantes,
1939 1631 2234 1674 Alexandrum

760 1704 859 1734 cum
898 1693 1034 1734 matre
1071 1691 1310 1736 Mammaea
1344 1691 1630 1734 interficiunt:
1676 1691 1721 1734 0.
1751 1692 1903 1734 Iulium
1945 1691 2089 1733 Verum
2119 1691 2230 1732 MA-

757 1749 1074 1802 XIMINUM,
1111 1751 1331 1803 Thracem,
1371 1752 1554 1806 utroque
1591 1753 1770 1806 parente
1808 1751 1991 1794 barbaro
2023 1749 2231 1805 genitum,

762 1809 841 1852 sed
871 1809 1065 1864 corporis
1087 1809 1242 1852 robore
1274 1811 1318 1852 et
1341 1810 1412 1862 ,rei
1441 1809 1642 1852 militaris
1662 1809 1820 1864 peritia
1848 1810 2079 1865 insignem,
2111 1807 2231 1851 Chri-

761 1869 928 1911 stianae
959 1868 1164 1924 religioni
1192 1868 1438 1920 inimicum,
1470 1868 1557 1911 sibi
1585 1867 1864 1923 praeficiunt,
1896 1869 1971 1923 qui
1998 1867 2233 1910 multorum

760 1927 891 1970 caede
913 1928 1163 1982 auspicatus
1191 1927 1434 1983 imperium,
1465 1927 1664 1970 Rhenum
1691 1928 1864 1979 transit,
1894 1930 1938 1970 et
1960 1926 2233 1970 Germaniam

758 1986 846 2029 late
883 1988 1040 2029 vastat.
1110 1986 1372 2030 Maximinus
1419 1999 1456 2029 a.
1491 1985 1532 2029 d.
1566 1995 1655 2028 vm
1689 1985 1780 2029 Gal.
1811 1985 1916 2042 Apr.
1947 1985 2111 2028 Romae
2146 1984 2234 2028 Au-

762 2047 916 2101 gustus
958 2045 1200 2101 appellatur
1242 2045 1527 2101 omnibusque
1565 2045 1873 2100 imperatorum
1902 2045 2136 2087 honoribus
2168 2057 2234 2087 or-

759 2107 899 2147 natur.
958 2105 1192 2158 Maximus,
1229 2105 1332 2160 imp.
1363 2103 1440 2158 fil.,
1472 2103 1634 2148 Caesar
1671 2107 1717 2148 et
1753 2105 1955 2160 princeps
1995 2104 2232 2147 iuventutis

761 2177 786 2206 a
848 2163 1016 2206 ellatur.

728 2177 1006 2276 Coffilatum,
1041 2221 1211 2276 collega
1238 2221 1294 2264 M.
1326 2220 1540 2276 Pupienio
1569 2220 1797 2275 Africano,
1829 2222 1912 2265 init
1943 2200 2112 2274 Sirmii,
2143 2221 2234 2264 bel-

760 2282 850 2323 lum
881 2283 1032 2324 contra
1059 2281 1280 2323 Sarmatas
1308 2280 1505 2323 moliens.

727 2339 825 2384 Cos.
848 2340 897 2382 P.
920 2340 1062 2383 Titius
1093 2339 1350 2395 Perpetuus,
1380 2338 1431 2381 L.
1454 2339 1634 2382 Ovinius
1666 2338 1875 2382 Rusticus
1912 2336 2232 2390 Cornelianus.)
2288 2359 2296 2361 -

762 2399 948 2441 Domitis
981 2398 1293 2443 Germanorum
1327 2399 1529 2453 gentibus
1562 2398 1710 2441 Sirmii
1738 2398 1913 2440 hiemat.

727 2457 826 2501 Cos.
850 2457 979 2513 Ulpio
1013 2460 1057 2500 et
1086 2457 1271 2500 Proculo
1302 2457 1516 2500 Pontiano
1549 2455 1675 2508 (suff.
1697 2456 1821 2499 Iunio
1854 2456 2018 2508 Silano,
2051 2454 2232 2499 Claudio

763 2516 954 2569 Iuliano,
996 2515 1124 2559 Celso
1164 2514 1382 2568 Aeliano).
1430 2516 1606 2558 Iniuriis
1649 2516 1942 2571 procuratoris
1984 2514 2236 2558 Caesariani

765 2575 970 2618 commoti
999 2574 1095 2618 Afri
1120 2574 1369 2618 Gordianum
1388 2587 1559 2630 procos.
1593 2587 1719 2617 suum
1754 2575 2058 2630 imperatorem
2086 2586 2235 2617 mense

761 2634 914 2677 Martio
937 2634 1141 2687 salutant,
1173 2635 1248 2690 qui
1280 2647 1416 2677 senex
1446 2635 1750 2690 octogenarius
1778 2633 1916 2676 filium
1947 2644 2088 2685 suum,
2117 2633 2236 2688 lega-

761 2696 854 2736 tum
891 2694 1188 2746 consularem,
1227 2693 1399 2748 imperii
1437 2694 1684 2736 consortem
1724 2692 1927 2735 declarat.
2007 2691 2095 2735 Sed
2134 2692 2236 2735 dum

762 2752 925 2795 Romae
957 2755 1156 2804 senatus,
1197 2752 1353 2807 cupide
1393 2752 1585 2808 acceptis
1619 2751 1827 2795 Gordiani
1855 2751 2036 2803 litteris,
2072 2751 2236 2793 bellum

762 2813 914 2854 contra
951 2811 1233 2854 Maximinum
1272 2812 1420 2853 hostem
1459 2813 1603 2867 parat,
1647 2811 1891 2865 Capelianus
1898 2842 1910 2863 ,
1951 2810 2236 2853 Mauritaniae

765 2870 1026 2926 praefectus,
1057 2871 1267 2913 minorem
1290 2869 1556 2914 Gordianum
1586 2882 1734 2926 pugna
1765 2870 1927 2912 victum
1958 2868 2133 2920 occidit,
2165 2881 2236 2911 eo-

763 2941 847 2985 que
885 2930 1038 2972 nuntio
1086 2930 1314 2984 perculsus
1352 2931 1476 2984 pater
1513 2929 1648 2971 vitam
1684 2929 1838 2984 laqueo
1876 2927 1984 2970 finit.
2047 2927 2235 2970 Senatus

764 3002 815 3031 ea
845 3001 892 3031 re
931 2989 1185 3043 perterritus
1225 2988 1281 3030 ad
1316 2988 1498 3030 Clodium
1528 2988 1753 3041 Pupienum
1779 2987 2025 3029 Maximum
2057 2988 2101 3029 et
2135 2986 2234 3029 Cae-

765 3049 861 3089 lium
889 3046 1172 3100 ΒΔιιιιΝΰΜ,
1203 3047 1417 3089 maximae
1448 3049 1541 3088 tum
1571 3046 1797 3101 dignitatis
1832 3047 2071 3098 senatores,
2101 3046 2235 3101 impe-

763 3107 875 3148 rium
915 3105 1073 3158 defert,
1121 3106 1195 3161 qui
1233 3105 1408 3148 tertium
1444 3105 1715 3158 Gordianum,
1765 3118 1946 3160 puerum
1985 3105 2235 3156 etiamtunc,

765 3166 967 3220 nepotem
1004 3164 1133 3220 primi
1163 3178 1220 3207 ex
1249 3164 1360 3217 filia,
1397 3163 1622 3220 flagitante
1651 3164 1836 3219 populo,
1869 3163 2100 3206 Caesarem
2129 3176 2236 3206 nun-

767 3227 940 3279 cupant.
1002 3224 1175 3266 Interea
1204 3223 1465 3266 Maximinus
1503 3222 1652 3266 furens
1694 3236 1791 3266 cum
1832 3223 2026 3265 exercitu
2067 3222 2236 3264 Italiam

763 3282 1027 3338 ingreditur·
1069 3283 1186 3326 cives
1219 3282 1402 3325 sublatis
1435 3282 1658 3334 omnibus,
1697 3295 1807 3337 quae
1837 3282 2000 3324 victum
2030 3281 2236 3336 praebere

763 3341 958 3396 possint,
1004 3341 1051 3383 in
1089 3342 1219 3384 urbes
1261 3341 1449 3384 munitas
1497 3354 1545 3384 se
1590 3341 1819 3397 recipiunt.
1886 3339 2037 3395 Itaque
2075 3340 2236 3382 milites

683 3411 685 3413 ·
767 3412 864 3442 cum
895 3399 1043 3454 inopia
1072 3403 1321 3456 premantur
1351 3400 1398 3442 in
1430 3400 1720 3456 oppugnanda
1738 3400 1948 3453 Aquileia,
1982 3401 2025 3441 et
2055 3411 2235 3441 consen-

767 3472 863 3502 sum
893 3458 1028 3501 totius
1061 3459 1177 3502 orbis
1208 3462 1419 3502 terrarum
1448 3461 1699 3512 vereantur,
1736 3459 1857 3502 illum
1897 3471 1983 3500 una
2014 3470 2111 3499 cum
2143 3456 2234 3498 filio

765 3517 921 3560 iuvene
951 3529 1099 3559 mense
1121 3518 1234 3560 Maio
1265 3517 1543 3570 interficiunt,
1575 3520 1619 3560 et
1647 3518 1694 3560 in
1723 3519 1868 3573 partes
1901 3515 2089 3566 Maximi,
2121 3513 2234 3569 apud

766 3575 1018 3622 Ravennam
1059 3589 1156 3619 cum
1205 3577 1401 3621 exercitu
1449 3576 1664 3629 sedentis,
1711 3587 1967 3635 quamquam
2013 3572 2234 3625 subinviti,
