2392 4016
288 180 317 227 4
1013 179 1231 234 Imperium
1262 180 1485 223 Persarum.

1924 335 1955 358 a.
1969 326 2052 358 Chr.
2079 325 2224 368 olymp.

294 374 506 417 Praeesse
538 373 752 429 incipiunt
782 372 953 417 Sidonii
1702 373 1819 416 circa
1850 386 1888 415 a.
1924 372 2039 416 1500

297 432 502 475 Coloniae
523 433 768 533 Amittuntur
800 432 1005 490 Cyprum,
1039 432 1224 486 Cretam,
1257 433 1470 487 Rhodum,
1508 434 1553 476 in
1585 433 1692 476 alias
1722 432 1889 476 insulas

357 505 488 534 maris
564 505 699 547 egaei.

298 551 441 606 Tyrus
474 550 749 594 Sidoniorum
781 551 947 594 colonis
980 553 1106 594 aucta
1136 550 1300 596 florere,
1320 551 1475 606 incipit
1689 551 1806 594 circa
1837 563 1874 592 a.
1911 549 2025 593 1100

297 610 578 652 Mercaturam
612 611 869 653 maritimam
909 613 952 653 et
993 613 1107 654 artes
1140 614 1368 663 exercent,
1408 610 1603 653 colonias
1634 611 1811 653 mittunt
1841 610 1886 651 in

354 668 608 724 Hispaniam
651 669 831 721 (Gadir,
885 669 1139 721 Tartessus,
1185 669 1378 721 Carteia,
1427 670 1612 721 Malaca,
1653 669 1887 724 Hispalis),

354 728 545 770 Africam
581 728 739 780 (Utica,
762 728 1086 782 Hadrumetum,
1108 729 1266 784 Hippo,
1290 729 1453 784 Leptis,
1477 729 1678 781 Icosium,
1702 727 1888 785 Tingis),

356 787 564 838 Siciliam,
599 787 841 830 Sardiniam
873 788 1065 843 aliasque
1097 788 1263 831 insulas
1296 789 1424 830 maris
1457 788 1628 830 interni.

296 846 484 888 Abibaal
515 847 621 901 Tyri
653 847 818 902 regium
851 859 1005 889 nomen
1039 848 1171 890 sumit
1700 846 1817 888 circa
1847 858 1884 887 a.
1921 844 2035 888 1050

294 905 458 958 Hiram,
494 907 586 948 eius
610 904 740 958 filius,
774 906 950 948 Davidis
974 910 1017 948 et
1039 906 1283 950 Salomonis
1308 906 1486 958 amicus,
1519 905 1683 961 Tyrum
1707 907 1888 948 exornat

1701 965 1817 1007 circa
1848 977 1885 1006 a.
1922 963 2036 1006 1000

298 1022 548 1078 Pyymalion
581 1025 623 1064 et
653 1023 799 1063 Elissa
838 1022 960 1072 (sive
991 1023 1130 1073 Dido)
1169 1026 1310 1065 tutore
1343 1022 1526 1066 Sichaeo
1564 1027 1770 1079 regnant,
1809 1022 1887 1066 sed

358 1082 464 1123 haec
497 1082 669 1123 fratrem
701 1085 931 1135 tyrannum
964 1081 1135 1136 fugiens
1172 1082 1459 1135 Carthayinem
1488 1083 1533 1124 in
1565 1082 1712 1125 Africa
1741 1082 1890 1124 condit

359 1139 429 1190 (a.
464 1139 549 1182 814
582 1153 618 1180 a.
654 1139 752 1181 Chr.
786 1139 1021 1181 secundum
1055 1141 1305 1190 Timaeum)
1700 1141 1816 1183 cirea
1846 1154 1884 1182 a.
1946 1138 2034 1183 850

302 1198 426 1254 Tyrii
459 1211 552 1240 cum
588 1199 721 1250 ceteri
743 1198 983 1241 Phoenices
1017 1199 1314 1250 subiiciantur,
1347 1197 1554 1242 adversus
1585 1200 1732 1255 copias
1752 1200 1889 1254 Assy-

357 1259 519 1299 riorum
552 1260 595 1299 et
627 1257 996 1300 Salmanassarem
1029 1258 1155 1300 facile
1189 1270 1234 1300 se
1267 1257 1504 1301 defendunt
1947 1255 2034 1300 715

300 1316 387 1359 Sed
420 1317 472 1359 ab
506 1317 636 1372 Apris
669 1317 886 1372 Aegyptio
919 1318 1060 1360 classe
1092 1318 1337 1369 vincuntur,

225 1406 229 1409 »
296 1375 354 1418 Et
386 1389 410 1417 a
441 1375 806 1418 Nebucadnezare
840 1376 1081 1431 Babylonio
1122 1390 1198 1432 per
1233 1376 1286 1419 13
1317 1388 1453 1418 annos
1486 1375 1738 1431 oppugnati,
1771 1375 1824 1418 ab
1848 1387 1887 1417 a.

357 1434 457 1487 595,
488 1434 660 1477 foedere
693 1435 807 1477 facto
841 1448 887 1477 se
919 1435 1082 1478 dedunt
1948 1432 2034 1477 582

295 1492 754 1549 Appropinquantibus
786 1495 931 1537 Persis
964 1495 1076 1537 ultro
1109 1507 1155 1537 se
1188 1494 1447 1536 submittunt
1477 1493 1717 1535 Phoenices
1947 1493 2035 1536 540

297 1551 443 1608 Tyriis
476 1566 552 1608 per
584 1554 819 1596 seditiones
853 1554 1114 1596 domesticas
1147 1553 1383 1595 debilitatis
1407 1552 1576 1596 Sidonii
1596 1553 1886 1608 principatum

353 1616 624 1667 recuperant,
658 1613 847 1668 Tripolis
880 1614 1079 1655 conditur
1101 1625 1236 1668 eoque
1260 1612 1386 1655 sedes
1409 1612 1601 1667 synedrii
1621 1611 1885 1654 Phoenicum

351 1671 620 1713 transfertur.

946 1729 986 1772 3.
1049 1726 1235 1772 Ictum.

292 1788 526 1840 Abraham,
571 1789 714 1843 gentis
753 1788 1048 1830 Hebraeorum
1086 1792 1235 1832 auctor
1274 1790 1316 1831 et
1354 1788 1578 1844 princeps,
1618 1788 1881 1844 Euphratem

350 1847 522 1890 traiicit.
586 1847 691 1889 Eius
723 1846 837 1889 filius
869 1848 1006 1889 Isaac.

291 1905 421 1948 Iacob
454 1919 550 1948 cum
587 1905 638 1947 12
671 1905 772 1948 filiis
804 1907 849 1947 in
880 1907 1081 1962 Aegypto
1115 1905 1313 1957 (Gosen)
1347 1905 1472 1948 sedes
1505 1905 1702 1948 collocat.
1823 1943 1831 1948 .

292 1965 359 2007 Ibi
399 1978 495 2007 cum
525 1965 713 2007 Hebraei
751 1979 828 2020 per
860 1979 996 2008 annos
1028 1965 1117 2008 430
1154 1978 1242 2007 rem
1276 1965 1521 2021 pecuariam
1556 1964 1784 2017 fecissent,
1827 1965 1880 2008 ab

351 2023 666 2079 Aegyptiorum
699 2025 875 2079 regibus
908 2025 1054 2067 vexati
1086 2025 1298 2079 emigrant
1329 2024 1437 2066 duce
1470 2024 1614 2079 Moyse
1695 2025 1812 2066 circa
1842 2038 1879 2066 a.
1916 2022 2031 2067 1300

288 2084 421 2125 Iosua
461 2084 569 2125 duce
609 2086 735 2138 capta
766 2084 1010 2126 Ierichunte
1050 2084 1366 2139 reportatisque
1407 2083 1573 2125 duabus
1605 2084 1798 2126 victoriis
1831 2083 1882 2126 de

351 2142 404 2185 31
439 2143 618 2196 regulis,
650 2145 808 2183 terram
842 2144 1016 2184 Uanaan
1047 2146 1273 2197 occupant.

293 2200 591 2243 Consederant
633 2203 751 2242 trans
785 2201 1010 2243 Iordanem
1049 2201 1188 2243 tribus
1229 2201 1381 2243 Ruben
1414 2203 1457 2242 et
1490 2199 1584 2242 Gad
1613 2203 1667 2242 ‘et
1687 2201 1883 2242 ‘dimidia

349 2273 450 2315 pars
482 2260 620 2302 tribus
642 2260 855 2303 Manasse.
904 2260 977 2302 Cis
1002 2260 1224 2302 Iordanem
1255 2260 1380 2302 sedes
1412 2260 1589 2314 capiunt
1610 2259 1652 2310 (a
1673 2262 1879 2315 septentr.

352 2319 406 2360 ad
426 2319 667 2368 meridiem)
690 2319 837 2372 Asser,
870 2319 1115 2374 Naphthali‚
1150 2319 1356 2371 Sebulon,
1378 2319 1592 2370 Isaschar,
1625 2319 1769 2360 dimid.
1793 2319 1880 2360 Ma-

351 2390 494 2429 nasse,
527 2378 745 2432 Ephraim,
785 2379 904 2431 Dan,
933 2378 1172 2429 Beniamin,
1213 2378 1331 2420 Iuda.
1395 2378 1728 2420 Simeonitarum
1758 2378 1880 2420 terri-

350 2437 462 2478 toria
493 2437 689 2491 dispersa
720 2441 853 2479 erant.
924 2437 1101 2480 Levitae
1139 2437 1203 2479 rei
1242 2450 1390 2479 sacrae
1421 2437 1643 2479 faciendae
1674 2437 1880 2480 destinati

349 2496 463 2537 inter
493 2495 682 2550 reliquos
714 2497 977 2539 habitabant.

290 2554 431 2596 Divisi
462 2555 504 2596 in
538 2555 675 2597 tribus
707 2555 932 2598 duodecim
964 2553 1159 2611 (praeter
1179 2553 1382 2606 Levitas)
1412 2555 1506 2597 sine
1528 2557 1646 2597 certo
1667 2554 1878 2610 regimine

349 2614 501 2655 vivunt
533 2614 632 2655 circ.
667 2614 754 2657 300
787 2628 936 2657 annos.
1008 2615 1055 2658 Si
1094 2614 1264 2669 quando
1305 2614 1516 2657 bellorum
1547 2614 1740 2669 pericula
1770 2614 1878 2669 exti-

348 2673 521 2724 tissent,
552 2675 716 2726 suffetes
747 2674 949 2725 (iudices)
981 2674 1142 2716 maiore
1175 2686 1271 2716 cum
1303 2674 1559 2716 auctoritate
1587 2673 1651 2715 rei
1677 2673 1879 2728 publicae

348 2735 587 2786 praeerant.
1532 2760 1541 2765 ,

289 2787 503 2843 (Athniel.
543 2789 681 2832 Ehud.
721 2790 905 2834 Debora.
946 2790 1126 2834 Gideon.
1168 2791 1362 2848 Iephtha.
1405 2790 1592 2834 Simson.
1625 2790 1695 2832 Eli
1726 2792 1771 2832 et
1801 2790 1878 2834 Sa-

349 2849 479 2901 muel,
511 2848 792 2900 sacerdotes.)
888 2895 890 2897 ¹

289 2909 401 2950 Saul
429 2921 507 2950 rex
537 2908 676 2950 factus
708 2907 891 2950 Iudaeos
924 2908 1131 2950 servitute
1162 2909 1403 2950 vicinorum
1434 2909 1590 2952 liberat
1690 2908 1806 2950 circa
1836 2921 1874 2950 a.
1910 2907 2025 2951 1070

290 2969 447 3009 David.
510 2967 638 3018 Zion,
672 2979 814 3008 arcem
845 2967 1154 3019 Iebusitarum,
1195 2970 1428 3023 expugnat.
1491 2968 1645 3023 Syriae
1677 2980 1877 3023 magnam

349 3028 515 3081 partem
547 3028 590 3067 et
619 3025 864 3067 Idumaeam
894 3039 1030 3082 regno
1062 3026 1259 3081 adiungit
1583 3047 1587 3050 ⁴
1689 3026 1806 3068 circa
1836 3039 1874 3068 a.
1910 3024 2025 3068 1050

291 3085 471 3135 Salomo,
504 3085 740 3140 sapientiae
772 3098 822 3127 ac
853 3084 1199 3141 magnificentiae
1231 3085 1403 3127 nomine
1435 3085 1577 3127 clarus
1907 3083 2023 3126 1020

290 3145 491 3200 Regnum
522 3145 623 3199 post
654 3143 897 3187 Salomonis
929 3147 1110 3187 mortem
1141 3146 1337 3187 dividitur
1938 3142 2024 3186 980

500 3201 683 3257 Reynum
714 3203 835 3244 Iuda.
1312 3203 1498 3257 Reynum
1529 3202 1677 3243 Israel.

289 3261 418 3311 Reges
441 3264 494 3299 20
519 3275 590 3311 per
607 3264 690 3300 400
715 3264 795 3300 fere
820 3275 946 3300 annos
966 3267 1046 3300 tra—
1121 3261 1326 3301 Samariae
1361 3263 1413 3300 20
1447 3274 1560 3310 reges
1590 3274 1662 3310 per
1694 3261 1777 3299 250
1805 3272 1876 3299 an-

349 3322 497 3358 duntur
512 3321 926 3368 fuissepRehabeam.
945 3321 1043 3359 Abi·
1177 3334 1251 3359 nos
1294 3333 1482 3371 regnasse
1527 3322 1762 3359 traduntur}
1814 3321 1876 3358 Ie-

349 3392 428 3417 am.
474 3379 591 3418 Assa.
645 3380 849 3429 Iosaphat.
898 3381 1042 3419 Ioram.
1177 3382 1356 3420 robeam.
1401 3380 1562 3418 Nadab.
1601 3380 1744 3418 Baesa.
1784 3380 1875 3418 Ela.

347 3437 513 3477 Ahasia.
535 3439 716 3478 Athalia.
738 3439 1042 3479 Ioas.Amazia.
1179 3440 1313 3478 Simri.
1356 3440 1482 3479 Omri.
1521 3438 1618 3491 (qui
1649 3440 1876 3476 Samariam

1178 3497 1333 3550 condit)
1364 3498 1499 3536 Ahab.
1530 3498 1695 3537 Ahasia.
1727 3498 1875 3536 loram.

1175 3557 1290 3597 Iehu.
1329 3558 1513 3600 Ioachas.
1553 3558 1658 3596 Ioas.
