2392 4016
303 187 388 232 188
1069 192 1246 231 Annales
1278 193 1446 232 Romani

471 345 547 366 u.c.
624 345 712 376 imp.
1117 364 1121 369 ,

301 380 386 426 377
453 380 566 424 1130
631 382 685 425 14
747 381 846 426 Cos.
873 382 1104 427 Gratianus
1137 382 1247 440 Aug.
1282 384 1357 434 IV,
1391 384 1456 427 Fl.
1490 385 1786 439 Merobaudes,
1819 400 1896 428 rex
1927 386 2222 437 Francorum.)

783 442 907 485 Missi
947 457 972 485 a
1011 443 1217 495 Valente,
1266 444 1489 486 etiamtum
1527 443 1783 488 Antiochiae
1833 449 2123 488 commorante
2173 459 2223 489 ac

783 515 936 556 pacem
969 515 1067 545 cum
1098 502 1245 544 Persis
1278 502 1561 555 conciliante,
1595 503 1726 547 duces
1757 505 2012 547 Profuturus
2044 507 2089 547 et
2120 505 2223 546 Tra-

783 561 930 613 ianus,
973 575 998 602 a
1031 560 1237 603 Gratiano
1270 561 1576 614 Richomerus‚
1616 563 1819 606 barbaros
1863 567 2006 606 tamen
2038 564 2082 605 in
2115 563 2224 605 Pan-

784 619 915 662 nonia
947 619 1150 662 inferiore
1182 623 1408 663 versantes
1441 620 1671 664 devincere
1715 635 1800 665 non
1831 626 2028 678 possunt.
2090 622 2224 664 Immo

783 679 1055 733 Fritigernus
1087 678 1474 734 pollicitationibus
1508 680 1598 722 suis
1630 679 1883 724 Hunnorum
1916 686 1958 724 et
1990 680 2222 723 Alanorum

787 738 954 792 equites
987 737 1174 781 adducit.

847 796 1079 839 Gratianus
1111 797 1450 839 Alamannorum
1479 797 1779 840 Lentiensium
1811 797 1869 841 30
1881 799 1968 842 000
2005 797 2118 853 apud
2148 797 2226 840 Ar-

787 857 1025 910 gentariam
1058 856 1264 911 oppidum
1297 857 1466 909 sternit,
1497 870 1599 912 rege
1622 857 1788 899 Priario
1821 861 1946 912 capto
1978 857 2227 899 interfecto-

787 926 883 968 que.
935 914 1076 956 Praef.
1098 918 1233 970 praet.
1258 918 1301 957 et
1330 916 1411 959 hoc
1443 918 1486 958 et
1507 917 1716 971 proximis
1739 916 1862 958 annis
1886 919 1953 959 est
1974 916 2227 971 Hesperius,

576 1002 582 1006 »
789 972 974 1015 Ausonii
1005 972 1143 1025 filius3
1175 975 1271 1028 ipse
1304 974 1523 1017 Ausonius
1555 975 1800 1030 praefectus
1834 974 2069 1017 Galliarum
2103 978 2183 1017 est.

304 1028 390 1072 378
454 1029 563 1071 1131
632 1028 685 1072 15
749 1030 909 1073 Valens
948 1032 1101 1074 consul
1132 1032 1194 1074 VI
1226 1044 1323 1073 cum
1347 1033 1650 1075 Valentiniano
1683 1034 1725 1076 II
1756 1034 1887 1076 celeri
1916 1035 2070 1076 itinere
2112 1037 2228 1076 vete-

787 1102 917 1132 ranos
950 1103 1005 1132 ex
1036 1090 1165 1145 Syria
1197 1093 1347 1133 contra
1370 1090 1536 1133 Gothos
1568 1091 1757 1134 adducit.
1811 1091 2043 1135 Gratianus
2075 1096 2228 1148 patruo

788 1149 996 1191 auxilium
1028 1149 1140 1191 ferre
1170 1152 1395 1205 properat,
1427 1150 1505 1192 sed
1536 1150 1726 1192 adventu
1756 1150 1849 1192 eius
1881 1163 1968 1192 non
1999 1155 2228 1206 expectato

797 1209 966 1260 ValenS,
1008 1208 1257 1251 Sebastiani
1296 1209 1419 1252 ducis
1460 1209 1529 1251 sui
1568 1208 1759 1251 secunda
1796 1209 1968 1251 fortuna
2009 1210 2147 1252 elatus
2188 1213 2232 1251 et

791 1266 1001 1310 Gratiano
1035 1267 1339 1320 subinvidens,
1380 1267 1612 1310 discrimen
1650 1281 1822 1323 pugnae
1855 1280 1953 1310 cum
1984 1268 2230 1324 Fritigerno

788 1328 902 1380 apud
928 1328 1273 1381 Hadrianopolim
1311 1326 1421 1379 adit,
1460 1330 1504 1369 et
1535 1328 1690 1381 inqenti
1728 1328 1843 1369 clade
1880 1329 2029 1380 victus,
2073 1328 2147 1369 vix
2184 1330 2234 1369 ut

789 1386 918 1427 tertia
947 1399 1048 1442 pars
1081 1387 1298 1428 exercitus
1332 1386 1547 1437 evaderet,
1579 1388 1674 1442 ipse
1706 1386 1858 1442 ignoto
1892 1387 2041 1428 mortis
2074 1399 2231 1442 genere

791 1445 832 1487 9.
854 1447 929 1487 aut
962 1445 1030 1487 11.
1051 1445 1165 1499 Aug.
1197 1445 1322 1500 perit.
1385 1444 1479 1497 (Cf.
1515 1445 1566 1487 de
1600 1446 1694 1488 eius
1725 1445 1917 1487 moribus
1939 1445 2078 1487 Amm.
2101 1445 2231 1487 Marc.

790 1503 863 1546 lib.
886 1503 957 1556 31,
988 1505 1016 1546 i.
1040 1518 1076 1546 e.
1110 1507 1363 1556 extremum,
1397 1517 1434 1546 c.
1460 1504 1537 1556 143
1568 1504 1827 1546 Arianorum
1850 1504 2127 1559 opinionibus
2161 1504 2231 1546 de-

791 1562 908 1604 ditus
949 1562 1197 1606 Catholicos
1239 1562 1548 1618 oppresserat.)
1615 1563 1797 1606 Barbari
1837 1563 1888 1605 ab
1931 1563 2232 1619 oppugnandis

790 1622 968 1664 munitis
1001 1622 1194 1674 urbibus,
1226 1622 1550 1677 Hadrianopoli‚
1583 1622 1803 1674 Perintho,
1837 1621 2231 1677 Constantinopoli,

791 1680 957 1735 repulsi
987 1694 1116 1736 agros
1146 1683 1293 1723 tamen
1312 1681 1498 1736 impune
1530 1683 1716 1724 vastant.

309 1740 394 1785 379
458 1739 571 1783 1132
666 1739 685 1780 1
753 1738 852 1781 Cos.
884 1740 942 1780 D.
975 1740 1158 1794 Maqnus
1189 1741 1415 1792 Ausonius,
1454 1740 1604 1795 pocta,
1645 1743 1689 1782 et
1724 1739 2098 1793 Hermogenianus
2132 1737 2233 1792 Oly-

790 1796 945 1850 brius.)
1007 1798 1058 1840 In
1087 1799 1169 1840 hoc
1199 1799 1450 1853 perturbato
1482 1811 1624 1840 rerum
1647 1801 1765 1840 statu
1787 1797 2020 1840 Gratianus
2048 1797 2233 1839 THEO-

791 1857 1050 1898 DOSIUM
1079 1870 1135 1900 ex
1172 1857 1408 1912 Hispaniae
1464 1869 1645 1900 secessu
1690 1859 1939 1899 revocatum
1986 1856 2103 1908 (Ian.
2138 1855 2232 1905 19.)

794 1915 942 1958 Sirmii
973 1917 1219 1971 Augustum
1262 1915 1455 1959 declarat
1493 1916 1550 1958 34
1589 1928 1725 1958 annos
1758 1918 1929 1967 natum,
1972 1917 2014 1957 et
2045 1915 2234 1957 Orientis

793 1976 1029 2030 provinciis
1062 1989 1148 2017 una
1178 1988 1275 2017 cum
1306 1975 1482 2031 Illyrico
1506 1975 1704 2017 orientali
1737 1971 1943 2030 praeficit.
1998 1973 2091 2024 Quo
2122 1973 2236 2015 facto

793 2047 863 2076 res
895 2034 1089 2076 Romana
1127 2035 1282 2077 melius
1314 2035 1377 2078 ire
1419 2034 1582 2089 coepit:
1623 2033 1844 2089 Visigothi
1877 2033 2062 2074 Thracia
2093 2032 2236 2087 depel-

795 2093 954 2135 luntur.
1021 2092 1226 2136 Gratiano
1261 2094 1464 2136 Treviros
1495 2106 1671 2136 reverso
1703 2093 1866 2148 gratias
1898 2104 1975 2146 pro
2008 2091 2237 2134 consulatu

795 2153 886 2207 agit
906 2152 1145 2205 Ausonius,
1174 2152 1362 2207 Augusti
1385 2153 1487 2196 olim
1518 2153 1741 2208 magister.
1807 2151 1995 2206 Sapores
2027 2164 2106 2193 rex
2135 2150 2237 2192 Per-

794 2223 939 2252 sarum
968 2212 1162 2253 moritur.
1953 2211 1956 2215 ’

313 2269 401 2313 380
466 2269 581 2313 1133
673 2269 698 2311 2
762 2268 871 2311 Cum
893 2269 1166 2325 Ostrogothis
1198 2270 1244 2311 in
1273 2269 1541 2311 Pannoniam
1573 2267 1794 2324 profectus
1819 2267 2065 2310 Gratianus.
2086 2280 2237 2323 pacem

794 2329 896 2380 init,
938 2328 1210 2371 Theodosius
1261 2328 1506 2384 periculoso
1555 2327 1704 2369 morbo
1745 2327 1975 2381 corripitur
2007 2326 2238 2368 Thessalo-

796 2388 942 2430 nicae:
985 2400 1040 2429 ex
1071 2400 1122 2430 eo
1153 2389 1374 2429 recreatus
1407 2389 1450 2429 et
1481 2387 1746 2442 baptizatus,
1778 2385 1963 2428 feliciter
1993 2398 2091 2427 cum
2123 2385 2238 2428 Visi-

797 2446 941 2502 gothis
963 2446 1220 2501 proeliatur:
1255 2445 1677 2501 Constantinopolim
1696 2457 1909 2496 reversus,
1931 2444 2117 2486 Arianos
2138 2456 2238 2499 pos-

797 2505 993 2548 sessione
1026 2505 1308 2548 ecclesiarum
1341 2504 1542 2559 depellit,
1586 2507 1629 2546 et
1665 2503 1905 2557 Greqorium
1935 2503 2239 2545 Nazianzenum

799 2565 1052 2619 episcopum
1081 2564 1292 2616 instituit,
1333 2564 1527 2619 aliosque
1558 2563 1799 2605 haereticos
1830 2562 1999 2617 premit.
2063 2562 2240 2604 Priscil-

799 2623 905 2665 liani
951 2635 1117 2665 errores
1165 2624 1211 2665 in
1260 2622 1444 2666 concilio
1494 2623 1798 2678 episcoporum
1844 2621 1967 2676 Hisp.
2004 2620 2238 2663 Caesarau-

801 2684 986 2738 gustano
1018 2682 1372 2724 condemnantur.

317 2743 399 2787 381
468 2743 582 2786 1134
673 2742 699 2785 3
762 2740 864 2783 Cos,
896 2741 1110 2783 Eucherio
1144 2743 1187 2783 et
1227 2741 1413 2796 Syagrio
1443 2739 1756 2791 Athanaricus,
1786 2751 1865 2781 rex
1896 2738 2238 2794 Visigothorum,

800 2799 855 2840 ad
887 2800 1179 2842 Theodosium
1213 2798 1720 2855 Constantinopolimll
1756 2797 1846 2839 Ian.
1878 2797 1998 2839 venit
2029 2809 2078 2838 ac
2110 2796 2239 2852 paulo

800 2860 902 2913 post
942 2859 1136 2901 moritur.
1199 2859 1288 2902 Sed
1317 2858 1538 2914 Visigothi
1575 2871 1623 2901 se
1663 2857 1921 2900 submittunt
1957 2856 2114 2910 aliique
2145 2856 2241 2897 bar-

800 2917 894 2959 bari
925 2929 1027 2960 suas
1060 2917 1186 2960 sedes
1218 2920 1412 2973 repetere
1451 2919 1678 2972 coguntur.
1742 2914 1975 2958 Gratianus
2009 2917 2053 2957 et
2083 2914 2240 2956 Valen-

801 2976 992 3018 tinianus
1032 2976 1263 3018 Mediolani
1300 2976 1389 3019 fere
1430 2979 1505 3019 aut
1541 2975 1767 3031 Aquileiae
1808 2975 2066 3016 consistunt.
2130 2972 2241 3030 Con-

803 3034 952 3077 cilium
983 3035 1308 3078 oecumenicum
1341 3035 1522 3077 alterum
1552 3033 1929 3088 Constantinopoli
1959 3045 2107 3075 mense
2129 3032 2240 3073 Maio

802 3094 994 3136 habetur.

321 3156 406 3199 382
472 3156 586 3200 1135
676 3157 704 3199 4
766 3155 866 3198 Cos.
897 3153 1088 3196 Antonio
1130 3155 1173 3195 et
1210 3151 1388 3194 Afranio
1429 3151 1615 3207 Syagrio
1666 3151 1795 3193 etiam
1835 3150 1969 3192 ceteri
2012 3149 2137 3191 Gothi
2177 3161 2242 3190 re-

804 3213 939 3256 beHes
959 3229 1099 3267 pacem
1123 3221 1280 3266 petunt,
1313 3223 1363 3254 ac
1394 3210 1544 3253 fideles
1578 3223 1624 3253 se
1655 3209 1747 3252 fore
1778 3210 1921 3252 socios
1954 3206 2240 3262 (foederatos)

804 3272 1065 3328 pollicentur
1093 3271 1120 3314 3
1147 3271 1239 3313 Oct.
1273 3269 1498 3322 (Iornand.
1522 3282 1559 3312 c.
1581 3268 1672 3319 28.)
1744 3268 1880 3312 Sedes
1921 3268 1976 3309 iis
2017 3268 2069 3310 ab
2103 3266 2241 3308 Theo-

807 3331 929 3374 dosio
963 3330 1117 3372 dantur
1154 3343 1232 3386 per
1265 3329 1494 3372 Thraciam
1534 3330 1577 3370 et
1606 3328 1813 3371 Moesiam
1852 3326 2111 3369 inferiorem.
2173 3325 2242 3366 In-

804 3394 924 3432 terea
947 3388 1178 3431 Gratianus
1201 3388 1353 3431 eodem
1374 3387 1518 3430 studio
1549 3386 1652 3429 fidei
1674 3386 1963 3437 Christianae,
1995 3397 2079 3440 quo
2103 3384 2242 3426 Theo-

808 3449 956 3491 dosius
987 3448 1217 3500 incensus,
1249 3448 1412 3490 Romae
1443 3446 1629 3502 collegia
1659 3445 1932 3489 sacerdotum
1964 3447 2007 3485 et
2038 3457 2092 3485 ex
2123 3441 2241 3497 curia

809 3520 926 3550 aram
955 3507 1162 3549 victoriae
1193 3506 1290 3548 tolli
1319 3506 1459 3558 iubet,
1499 3517 1638 3559 neque
1670 3504 1839 3558 exorari
1872 3516 1917 3545 se
1948 3499 2238 3556 legationibus

805 3566 952 3608 missis
985 3565 1085 3619 (per
1114 3563 1418 3619 Symmachum)
1449 3564 1623 3619 patitur.
