2392 4016
0 183 27 271 l(

0 269 45 371 ἶ·

0 378 21 522 ἶ

0 527 7 560 l'

15 527 19 543 l

835 179 1083 223 onasum
1112 180 1291 223 fabulae.

186 374 468 422 Aeolensium
505 386 604 420 cnm
633 373 771 419 Neleo
812 386 836 418 e
867 373 1098 419 Thessalia
1127 373 1420 431 profectorum
1458 372 1504 416 in
1543 371 1779 425 civitatem,

188 448 422 508 eorumque
460 435 602 505 duces·
631 433 831 478 Biantem
870 436 915 504 et
951 432 1286 491 Melampodem,
1323 430 1439 475 filios
1476 430 1779 487 Amythaonis,

127 509 386 600 Bianti-sagea}
412 495 983 607 arla-{engloggpf'recfvpffiu
1011 550 1143 602 filius,
1184 550 1310 594 Talai
1339 550 1560 602 Adrastus,
1602 547 1779 592 Parthe-

187 627 404 675 nppaeus,
441 612 943 683 lisciacum-Eriphyle
974 610 1117 664 (uxor
1146 610 1420 720 Amphiassii,
1458 609 1534 666 qui
1570 606 1653 651 fuit
1682 619 1779 663 pro·

124 686 339 778 Adai-{ms
351 670 1234 787 Miiolliffpxffisiamldl'o'ffgffci,Odlggipyllgr'i
1255 669 1450 784 2Tydeo,
1498 726 1634 770 Oenei
1674 724 1778 778 filio,

186 796 365 862 nuptum
405 791 492 836 dat.
562 790 670 835 Cum
709 789 826 835 filius
858 789 1094 847 Aegialens
1137 789 1182 832 in
1224 788 1337 832 bello
1370 787 1506 830 Theb.
1539 786 1676 829 altero
1708 796 1779 828 oc·

124 853 528 967 Diffiffiffessydei
557 907 688 962 filius,
736 908 868 953 ducta
897 908 943 951 in
973 907 1294 951 matrimonium
1327 905 1550 963 Aegialea,
1579 902 1780 961 Aegialei

185 970 287 1025 filia,
319 970 495 1028 Argivis
526 969 573 1013 in
605 968 718 1013 bello
752 969 941 1012 Troiano
972 970 1159 1024 praeest.

96 1118 138 1164 3.
188 1118 338 1173 Pelops
367 1130 423 1162 ex
453 1115 562 1161 Asia
580 1114 773 1173 (Sipylo)
796 1114 941 1159 Pisam
962 1115 1084 1169 venit
1102 1113 1157 1157 ad
1179 1113 1458 1164 Oenomaum,
1491 1111 1616 1156 cuius
1645 1108 1778 1153 filiam

188 1177 524 1234 Hippodamiam
563 1189 691 1219 curru
733 1174 905 1227 (frande
945 1173 1131 1230 Myrtili)
1179 1174 1335 1216 victam
1375 1172 1420 1215 in
1461 1169 1778 1215 matrimonium

188 1236 309 1280 ducit
338 1239 384 1280 et
412 1248 595 1295 regnare
626 1234 771 1292 coepit
799 1234 843 1277 in
875 1233 1191 1291 Peloponneso,
1222 1245 1332 1289 quae
1363 1231 1416 1275 ab
1449 1243 1500 1275 eo
1532 1230 1649 1274 dicta
1679 1230 1748 1272 est

125 1296 234 1340 Eius
266 1295 466 1339 filiorum
484 1295 673 1337 Pittheus
694 1293 916 1337 Troezene
941 1296 1107 1349 regnat,
1139 1292 1290 1334 Atreus
1310 1294 1355 1335 et
1382 1290 1573 1347 Thyestes
1594 1290 1778 1346 primum

185 1354 369 1407 Mideae,
401 1354 558 1399 deinde
589 1354 633 1397 in
656 1353 891 1409 Eurysthei
922 1365 1102 1409 regnum
1128 1352 1406 1408 Mycenarum
1438 1348 1662 1393 affinitatis
1685 1347 1777 1390 iure

187 1414 301 1465 (cum
333 1413 535 1471 Nicippe,
566 1425 712 1456 eorum
747 1423 883 1464 soror,
917 1410 1148 1467 Eurysthei
1182 1414 1317 1453 mater
1348 1408 1488 1461 esset)
1519 1406 1775 1453 succedunt.

125 1473 248 1518 Atrei
280 1485 335 1516 ex
367 1473 537 1529 Aerope
567 1470 742 1523 (Catrei
772 1470 801 1513 f.
833 1470 989 1513 Minois
1023 1467 1174 1527 nepte)
1214 1469 1292 1512 filii
1336 1467 1565 1522 (nonnulli
1597 1469 1778 1524 nepotes

185 1532 337 1575 dicunt
377 1530 513 1575 fuisse
545 1534 590 1574 et
619 1530 856 1574 Plisthenis
889 1527 1032 1580 filios)
1063 1531 1338 1584 Ayamemnon
1370 1531 1414 1571 et
1446 1528 1660 1570 Menelaus
1693 1539 1778 1568 ma-

182 1591 318 1635 iorem
337 1581 629 1647 Peloponnesi
652 1593 815 1646 partem
837 1592 1000 1642 tenent,
1032 1587 1379 1645 quandoquidem
1402 1587 1625 1631 Menelaus
1645 1586 1778 1642 Spar-

182 1652 254 1694 tae
284 1651 454 1704 regnat,
486 1649 708 1706 Tyndarei
738 1648 856 1705 regis
888 1646 978 1691 filia
1011 1648 1176 1691 Helena
1206 1649 1350 1691 ducta.

124 1707 438 1767 Agamemnon,
462 1708 595 1752 Troia
608 1712 737 1765 capta
753 1720 966 1759 reversus,
989 1706 1088 1750 dolo
1106 1708 1299 1762 Aeqisthi
1314 1705 1540 1764 patruelis,
1558 1705 1779 1762 Thyestae

185 1767 279 1822 filii,
310 1771 353 1812 et
381 1768 760 1824 clytaemnestrae
793 1767 992 1821 coniugis
1022 1766 1281 1810 interficitur

125 1827 215 1873 Sed
253 1840 351 1871 eum
391 1827 620 1872 ulciscitur
655 1827 817 1870 Orestes
855 1826 970 1882 apud
1002 1826 1255 1883 Strophium
1286 1825 1579 1877 Phocensem,
1618 1823 1776 1866 amitae

183 1887 400 1941 maritum,
432 1887 630 1940 eductus,
661 1889 815 1930 octavo
847 1897 960 1928 anno
990 1889 1092 1941 post

126 1949 172 1990 et
202 1947 449 2000 Hermione,
487 1945 673 1990 Menelai
705 1949 750 1988 et
779 1944 972 1987 Helenae
1005 1943 1049 1997 f.,
1090 1943 1222 1988 ducta
1252 1942 1308 1987 ad
1338 1945 1565 2000 paternum
1595 1954 1777 1997 regnum

184 2005 463 2062 Mycenarum
502 2005 702 2061 adiungit
730 2003 994 2047 Laconicum
1033 2005 1078 2047 et
1120 2003 1351 2060 Argivum,
1392 2001 1551 2059 diuque
1575 2000 1780 2045 'feliciter

184 2068 340 2121 regnat
369 2076 507 2120 usque
538 2063 592 2107 ad
623 2077 661 2106 a.

123 2122 233 2168 Eius
262 2122 379 2168 filius
410 2128 455 2168 et
484 2135 714 2168 successor
749 2122 985 2165 Tisamenus
1014 2122 1068 2165 ab
1100 2120 1344 2167 Heraclidis
1375 2120 1529 2177 pulsus

95 2269 467 2315 HELLENUM
487 2282 610 2327 gens,
650 2282 674 2313 e
704 2269 934 2314 Thessalia
963 2268 1181 2327 profecta,
1219 2268 1306 2312 late
1337 2267 1616 2325 dispergitur,
1657 2269 1702 2310 et
1731 2266 1777 2310 in

157 2331 274 2375 omni
307 2329 505 2383 Graecia,
544 2332 729 2386 excepta
758 2329 968 2382 Arcadia,
1008 2341 1107 2374 cnm
1138 2329 1359 2372 veteribus
1398 2326 1554 2370 incolis
1585 2326 1647 2370 ita
1676 2337 1778 2369 con·

156 2389 371 2447 iungitur,
418 2392 468 2433 ut
503 2388 733 2432 Hellenum
773 2392 818 2432 et
856 2401 1013 2432 nomen
1053 2391 1098 2431 et
1143 2388 1294 2444 lingua
1339 2386 1547 2443 paulatim
1587 2388 1777 2442 superet,

155 2461 238 2494 nec
268 2448 358 2493 ulla
386 2447 475 2493 fere
507 2448 662 2492 civitas
694 2448 776 2500 sit,
814 2461 926 2505 quae
957 2460 1043 2492 non
1074 2450 1276 2491 auctores
1307 2445 1642 2501 conditoresque
1673 2456 1777 2488 suos

155 2507 212 2553 ad
242 2508 544 2565 cognationem
576 2512 652 2550 aut
682 2511 799 2551 certe
830 2506 1084 2551 affinitatem
1117 2507 1244 2550 huius
1277 2505 1421 2562 gentis
1452 2504 1623 2547 referat.

5 2619 50 2645 z*
97 2566 208 2612 Nam
239 2567 483 2620 Deucalion,
515 2566 544 2610 f.
579 2566 836 2620 Promethei,
880 2572 982 2623 post
1011 2566 1220 2610 diluvium
1251 2577 1276 2608 e
1308 2564 1524 2607 Parnasso
1555 2565 1700 2606 monte
1729 2562 1775 2605 in

158 2626 431 2671 Thessaliam
461 2625 732 2670 adiacentem
753 2625 1033 2670 descendisse
1054 2625 1200 2681 ibique
1222 2622 1349 2667 sedes
1371 2622 1573 2679 posuisse
1596 2621 1744 2664 fertur.

12 2655 27 2705 .³
96 2685 203 2731 Eius
236 2688 281 2730 et
301 2685 507 2743 Pyrrhae,
540 2684 783 2742 Epimethei
813 2698 869 2729 ex
899 2684 1099 2728 Pandora
1128 2683 1256 2735 tiliae,
1288 2680 1367 2725 filii
1389 2681 1591 2726 dicuntur
1609 2680 1777 2732 Hella,

157 2758 184 2789 a
214 2757 299 2815 quo
330 2757 486 2815 nornen
576 2744 639 2787 nti
669 2743 893 2788 inventum
922 2744 1058 2796 aiunt,
1090 2745 1135 2786 et
1164 2742 1446 2812 fimphieeyon.
1714 2797 1724 2808 ·

96 2802 600 2921 ⁸⁰l¹s1¹22⁸03202ffl
613 2801 1348 2919 3333.²2¹2‘1¹¹·3;;.⁰22²;¹122.¹⁰⁸
1378 2803 1424 2844 ⁰²
1450 2799 1656 2852 ‘¹⁶²⁴“‘“⁸’
1687 2810 1775 2842 ⁸¹¹¹·

100 2951 143 2996 1.
189 2950 391 2995 AEOLI
417 2948 494 2994 filii
525 2952 707 3007 septem,
747 2948 863 2993 filiae
894 2950 1084 3007 quinque
1113 2949 1516 3001 commemorantur,
1558 2959 1636 3004 per
1663 2958 1773 3003 quos

187 3010 367 3054 Aeolico
399 3009 550 3079 generi
579 3009 809 3079 pleraeque
833 3008 1042 3054 Graeciae
1074 3007 1426 3067 septentrionalis
1455 3005 1773 3063 nonnullasque

190 3068 482 3126 Peloponnesi
512 3070 711 3113 cmtatea
742 3067 1028 3126 applicantur.

132 3154 186 3207 a)
219 3155 411 3199 &etheus
442 3154 590 3199 Iolcon
620 3154 666 3199 in
687 3154 918 3199 Thessalia
947 3155 1155 3209 condidit,
1186 3155 1311 3198 cuius
1340 3156 1384 3196 et
1405 3152 1550 3209 Tyrus
1573 3151 1651 3195 tilii
1671 3155 1775 3195 aunt

220 3213 383 3267 Aeson,
422 3214 684 3271 Amythtom
718 3213 895 3259 Pheres.
957 3216 1129 3258 Aesonis
1159 3213 1276 3257 filius
1307 3212 1445 3256 Iason,
1508 3212 1775 3267 Amythaonia

221 3271 302 3316 filii
339 3272 453 3316 Bias
491 3276 536 3316 et
577 3273 808 3330 Melampu
845 3286 942 3318 cum
983 3273 1119 3318 Neleo
1167 3272 1298 3317 tratre
1343 3271 1389 3315 in
1427 3270 1774 3328 Peloponnesum

249 3330 553 3376 roficiscuntnr
581 3334 626 3375 et
654 3334 821 3390 partem
849 3333 974 3390 regni
1006 3332 1157 3389 Argivi
1188 3332 1349 3375 tenent.
1396 3330 1550 3374 Pheres
1579 3328 1775 3373 condidit

257 3390 404 3444 heras,
444 3389 699 3435 Thessaliae
737 3390 909 3446 urbem
946 3390 1167 3448 filiumque
1208 3389 1339 3436 habet
1374 3390 1606 3442 Asa-m,
1647 3388 1773 3432 euius

220 3462 331 3495 uxor
361 3450 565 3502 Alcestis,
596 3449 625 3494 f.
657 3448 817 3495 Pellae.

134 3507 183 3562 ὁ)
226 3509 430 3567 Sisyphus
459 3507 677 3567 Ephyram
708 3506 1000 3562 (Corinthum)
1031 3507 1239 3563 condidit,
1269 3507 1395 3554 cuins
1425 3506 1541 3553 filius
1563 3505 1773 3561 Glaucus,

221 3581 358 3627 nepos
387 3569 738 3625 Bellerophontes,
776 3569 852 3627 qui
881 3580 911 3613 a
936 3567 1109 3624 Proeto,
1146 3580 1252 3627 rege
1279 3567 1459 3626 Argivo,
1490 3567 1546 3612 ad
1575 3566 1771 3622 lobaten,

1972 176 2028 224 18

1831 334 1862 358 a.
1885 324 1971 359 Otr.
1992 334 2028 358 n.

1834 1224 2002 1278 (1320)

1838 1765 2003 1819 (1183)

1833 1883 2003 1937 (1176)

1835 2060 2002 2112 (11·26)

1837 2119 2001 2171 (1104)
