2392 4016
320 195 332 234 1
346 193 400 237 90
560 238 569 241 ,
1090 193 1268 232 Annales
1299 193 1471 233 Romani

331 350 366 381 p.
380 340 418 373 C.
478 349 555 372 11.0.
631 339 716 379 imp.

797 386 923 427 serico
956 385 1129 427 circiter
1151 383 1306 428 80000
1337 384 1509 428 barbari
1542 383 1654 439 (viri,
1688 387 1904 439 mulieres,
1939 400 2081 440 senes,
2113 388 2251 443 pueri)

803 443 922 486 illius
954 444 1203 500 provinciae
1235 444 1515 499 possessione
1549 447 1708 489 nemini
1743 447 1923 489 cessuri.

862 501 1135 546 Theodosius
1177 503 1511 546 constitutiones
1562 504 1806 560 principum
1845 505 1944 548 inde
1986 519 2010 547 a
2043 504 2252 548 Constan-

802 561 895 603 tino
928 561 1077 617 colligi
1109 563 1152 603 et
1181 561 1227 603 in
1259 561 1453 604 ordinem
1483 562 1624 619 redigi
1653 564 1784 607 iubet

318 621 407 666 430
474 619 590 664 1183
683 619 709 663 6
773 618 872 662 008.
904 619 1048 676 Augg.
1082 619 1354 664 Theodosius
1386 620 1499 664 XIII
1541 624 1584 676 et
1614 621 1944 665 Valentinianus
1987 621 2088 672 111.)
2158 622 2253 664 ΡΙ3-

651 678 708 738 2-3
809 677 940 732 cidia,
973 679 1156 722 detectis
1178 678 1295 722 Aetii
1318 679 1517 733 fallaciis,
1549 680 1777 725 Bonifacio
1796 682 2114 725 reconciliatur.
2168 681 2255 724 Sed

809 750 920 780 sero.
983 737 1095 781 Nam
1126 738 1327 791 Vandali,
1361 740 1519 795 spretis
1553 739 1882 784 condicionibus
1915 742 2049 797 pacis,
2082 739 2256 783 Bonifa-

810 797 925 839 cium
963 810 1111 853 pugna
1150 798 1328 841 vincunt
1368 801 1411 841 et
1440 798 1643 854 Hippone
1687 800 1900 843 obsident.
1972 800 2021 842 In
2062 813 2113 842 ea
2150 800 2255 846 urbe

808 856 1066 910 Auqustinus
1097 857 1345 913 episcopus,
1377 857 1603 900 Bonifacio
1635 858 2014 911 familiarissimus,
2047 859 2128 901 1100
2160 859 2256 913 ipso

809 917 1005 970 tempore
1037 914 1094 958 73
1128 928 1263 958 annos
1297 918 1424 960 natus
1457 919 1640 960 mortem
1675 918 1778 960 obit.

321 973 405 1017 431
474 970 588 1015 1184
686 973 712 1015 7
776 971 877 1016 Cos.
909 972 1090 1016 Anicius
1129 974 1296 1017 Bassus
1338 978 1382 1018 et
1419 975 1485 1018 ΕΙ.
1518 975 1801 1027 Antiochus.)
1870 976 2145 1028 Bonifacius,
2185 975 2258 1018 ad-

648 1031 707 1089 2-11
808 1032 927 1075 iutus
961 1032 1136 1075 auxiliis
1169 1046 1194 1075 a
1224 1032 1420 1076 Placidia
1451 1036 1496 1076 et
1529 1034 1776 1085 Theodosio
1809 1037 1976 1091 Aspare
2017 1035 2126 1078 duce
2159 1036 2258 1078 sub-

809 1091 971 1143 missis,
1002 1091 1157 1133 iterum
1188 1105 1362 1148 pugnae
1394 1091 1628 1135 discrimen
1660 1094 1770 1136 adit:
1802 1095 1944 1136 victus
1977 1108 2002 1136 a
2034 1093 2257 1137 Geiserico

808 1151 854 1192 in
875 1149 1046 1193 Italiam
1066 1151 1226 1193 reverti
1257 1152 1443 1207 cogitur,
1474 1151 1618 1208 Hippo
1639 1155 1741 1208 post
1771 1153 2042 1196 obsidionem
2066 1153 2120 1195 14
2143 1167 2259 1196 men-

809 1210 921 1252 sium
954 1209 1139 1252 deditur.
1202 1210 1253 1252 In
1286 1210 1463 1254 Oriente
1493 1211 1712 1264 Armenia,
1753 1212 1872 1255 civili
1910 1211 2024 1255 bello
2055 1211 2259 1265 lacerata,

807 1271 912 1311 incer
950 1269 1103 1311 Persas
1140 1269 1424 1324 Romanosque
1461 1271 1524 1313 ita
1570 1272 1787 1324 dividitur,
1836 1274 1885 1314 ut
1930 1271 2081 1313 horum
2119 1273 2259 1327 portio

807 1328 944 1371 multo
965 1329 1106 1371 minor
1139 1329 1210 1371 sit.
1273 1325 1668 1386 (Theodosiopolis
1699 1331 1827 1374 11111118
1848 1330 2099 1399 provinciae
2132 1333 2262 1386 caput

809 1390 1072 1430 memoratur
1102 1387 1276 1439 fuisse.)
1351 1388 1595 1432 Concilium
1635 1391 1962 1433 oecumenicum
1993 1389 2157 1445 Ephesi
2187 1390 2260 1432 ha-

810 1447 956 1499 betur,
994 1447 1040 1489 in
1073 1459 1157 1502 quo
1189 1447 1428 1501 Nestorius,
1459 1449 1705 1504 patriarcha
1738 1449 2260 1518 Constantinopolitanus,

809 1506 1046 1561 1111ρ1013118
1070 1506 1310 1559 damnatur,
1343 1507 1459 1563 quod
1479 1508 1659 1551 Mariam
1691 1509 1906 1565 virginem
1927 1503 2158 1551 θεοτόκον
2189 1522 2261 1564 ap-

752 1573 754 1575 ·
809 1564 1056 1620 pellendam
1085 1567 1305 1622 negasset.

324 1625 411 1670 432
477 1623 591 1668 1185
686 1623 712 1667 8
776 1623 876 1667 Cos·
908 1622 1063 1666 Αο11118
1097 1627 1141 1667 01
1172 1624 1404 1676 Valerius.)
1466 1624 1720 1668 Bonifacius
1762 1625 1998 1669 honorifice
2029 1627 2261 1669 Ravennae

655 1683 711 1741 ΞΕ
813 1684 1024 1738 exceptus
1075 1685 1119 1725 et
1157 1683 1368 1738 dignitate
1419 1683 1572 1727 auctus
1612 1683 1731 1727 Aetii
1770 1687 1932 1727 metum
1975 1688 2018 1728 et
2057 1685 2263 1727 invidiam

811 1743 979 1783 movet:
1012 1741 1158 1796 itaque
1191 1755 1245 1784 ex
1275 1742 1436 1786 Norico
1468 1755 1669 1786 reversus
1701 1743 1774 1786 ille
1807 1744 1937 1786 armis
1970 1744 2261 1787 adversarium

815 1799 1003 1842 deiicere
1037 1803 1240 1853 conatur,
1275 1801 1353 1844 sed
1383 1802 1526 1844 victus
1558 1802 1799 1857 pulsusque
1831 1802 1885 1845 ad
1916 1803 2086 1855 Ruiam,
2117 1816 2264 1859 regem

812 1859 1089 1912 Hunnorum,
1131 1859 1341 1916 confugit.
1403 1861 1567 1903 Eorum
1599 1862 1795 1904 exercitu
1832 1861 2004 1905 adiutus
2022 1895 2032 1914 ,
2073 1874 2171 1904 cum
2201 1862 2265 1904 in-

812 1919 939 1962 terim
969 1918 1225 1962 Bonifacius
1267 1932 1323 1963 ex
1353 1919 1531 1963 vulnere
1562 1922 1759 1963 mortuus
1792 1923 1930 1972 esset,
1972 1921 2100 1964 facile
2132 1922 2266 1976 impe-

812 1979 912 2030 trat,
933 1979 982 2020 ut
998 1978 1253 2021 restituatur
1274 1980 1319 2021 et
1338 1979 1549 2036 magister
1564 1980 1790 2035 utriusque
1812 1980 1992 2023 militiae
2010 1979 2264 2023 declaretur.

873 2036 1027 2092 Neque
1058 2050 1212 2093 parum
1244 2038 1285 2080 ei
1315 2050 1430 2094 resp.
1465 2038 1664 2081 Romana
1693 2038 1863 2091 debuit,
1896 2052 1996 2082 nam
2026 2039 2154 2082 huius
2185 2039 2267 2081 viri

815 2095 1009 2139 sollertia
1037 2097 1204 2139 ruentis
1236 2097 1407 2153 imperii
1440 2096 1631 2153 dignitas
1665 2097 1929 2153 aliquamdiu
1962 2099 2211 2141 sustinetur.

329 2156 417 2200 433
482 2154 595 2199 1186
690 2155 716 2197 9
780 2154 879 2198 Cos.
904 2154 1178 2198 Theodosius
1200 2153 1313 2212 Au.
1335 2155 1458 2208 XIV,
1489 2155 1760 2199 Ε1.Α11101118
1783 2157 2015 2199 Petronius
2038 2158 2266 2199 Maximus.

329 2215 417 2259 434
482 2213 593 2257 1187
661 2213 717 2256 10
780 2212 880 2257 Cos.
912 2211 1189 2256 Areobindus
1222 2217 1266 2256 et
1272 2169 1468 2269 gAspar.)
1530 2215 1668 2257 Attila
1700 2217 1744 2258 01
1774 2216 1916 2257 Bleda
1945 2216 2123 2267 fratres,
2156 2216 2268 2257 Ruia

654 2272 713 2329 ᾗ
810 2266 966 2328 patruo
996 2274 1188 2325 mortuo,
1221 2273 1458 2315 Hunnorum
1478 2286 1661 2329 regnum
1699 2274 1895 2316 obtinent
1934 2277 1977 2316 et
2013 2274 2266 2329 subigendis

783 2331 971 2374 ceteris
1002 2344 1081 2386 per
1114 2330 1390 2374 Germaniam
1421 2346 1471 2376 ac
1505 2332 1731 2388 Scythiam
1761 2333 2010 2376 nationibus
2043 2336 2216 2389 augent.

870 2389 1037 2432 Eodem
1068 2403 1179 2433 anno
1209 2390 1424 2443 Honoria,
1463 2391 1760 2435 Valentiniani
1797 2404 1940 2444 soror,
1978 2394 2154 2448 propter
2190 2392 2266 2433 im-

815 2448 1071 2505 pudicitiam
1104 2448 1529 2506 Constantinopolim
1566 2450 1810 2506 relegatur,
1858 2451 1973 2506 quod
2013 2451 2138 2506 quasi
2178 2451 2267 2492 exi-

816 2508 923 2550 lium
954 2520 1042 2550 non
1073 2507 1216 2551 ferens
1247 2521 1326 2564 per
1357 2509 1652 2552 clandestinos
1684 2510 1859 2552 nuntios
1889 2508 2051 2551 Attilae
2083 2522 2129 2552 se
2161 2522 2267 2551 uxo-

814 2579 906 2610 rem
939 2567 1150 2610 obtulisse
1181 2567 1379 2611 traditur.
1444 2566 1698 2620 (Marcellin.
1730 2569 1777 2611 in
1809 2568 2011 2611 chronico
2045 2581 2079 2611 8.
2102 2569 2143 2610 11.
2167 2567 2222 2618 3.)

331 2627 418 2672 435
488 2627 603 2671 1188
670 2626 719 2669 11
788 2625 888 2669 Cos.
908 2623 1054 2683 Augg.
1078 2626 1352 2669 Theodosius
1374 2627 1461 2670 XV
1483 2629 1526 2670 et
1547 2626 1995 2679 Valentinianus‘IV.)
2047 2627 2140 2669 Pax
2171 2640 2268 2669 cum

660 2686 719 2743 ᾖ
821 2684 1045 2728 Geiserico
1085 2686 1378 2742 componitur,
1427 2698 1512 2741 qua
1558 2686 1754 2729 barbaris
1792 2686 2020 2742 Byzacene
2060 2688 2104 2728 et
2141 2698 2269 2740 quam

819 2746 986 2800 partem
1016 2743 1246 2787 Numidiae
1288 2746 1332 2787 et
1367 2745 1691 2800 proconsularis
1723 2745 1973 2800 provinciae
2002 2745 2088 2787 iam
2119 2757 2269 2800 posse-

817 2802 993 2855 derant,
1034 2805 1205 2846 servato
1235 2804 1330 2846 iure
1360 2804 1532 2860 imperii
1563 2804 1770 2856 Romani,
1811 2803 2083 2847 conceditur:
2125 2806 2270 2846 cetera

815 2863 962 2904 tamen
999 2861 1173 2904 Africae
1219 2875 1319 2918 pars
1360 2863 1413 2906 ab
1453 2873 1602 2905 eorum
1641 2863 1807 2918 impetu
1854 2862 2109 2905 defenditur.
2181 2861 2270 2904 Sed

818 2919 960 2963 audax
989 2921 1198 2964 barbarus
1219 2934 1373 2977 pacem
1405 2922 1609 2977 quamdiu
1641 2922 1768 2964 libuit
1800 2922 2000 2964 servavit.
2053 2921 2103 2963 In
2127 2919 2269 2963 Gallia

822 2980 997 3022 Tibaton
1036 2979 1198 3022 bellum
1238 2982 1406 3033 movet,
1453 2981 1628 3023 biennio
1669 2983 1770 3036 post
1811 2993 2069 3036 oppressus3
2108 2979 2269 3022 ibidem

818 3038 1052 3095 Bagaudae
1084 3038 1342 3081 seditionem
1375 3040 1581 3082 excitant.
1947 3064 1967 3073 ψ’

333 3098 420 3141 436
486 3097 598 3140 1189
665 3096 718 3139 12
783 3096 882 3141 Cos.
917 3097 1126 3141 Senatore
1159 3100 1202 3140 et
1233 3098 1400 3141 Isidoro
1445 3098 1605 3141 bellum
1647 3098 1810 3153 geritur
1851 3110 1949 3140 cum
1985 3095 2270 3147 Theodorico,

661 3170 718 3214 29
818 3170 921 3214 rege
947 3156 1198 3200 Gothorum.
1242 3157 1387 3199 Narbo
1411 3159 1700 3213 oppugnatur,
1725 3156 1803 3199 sed
1825 3157 1878 3199 ab
1900 3156 2028 3198 Aetio
2051 3155 2269 3207 liberatur,

817 3216 863 3258 in
896 3217 1020 3258 cuius
1054 3217 1248 3258 exercitu
1281 3217 1411 3258 etiam
1443 3217 1591 3258 Hunni
1623 3215 1858 3258 auxiliares
1889 3217 2120 3257 merentur.

334 3276 420 3320 437
487 3275 602 3318 1190
666 3273 718 3317 13
783 3275 883 3319 Cos.
916 3274 982 3317 ΕΙ.
1010 3273 1163 3317 Aetius
1197 3275 1239 3317 II
1271 3277 1314 3317 et
1346 3275 1647 3330 Segisvuldus,
1682 3277 1861 3329 uterque
1894 3272 2125 3322 occident.)
2190 3272 2271 3314 Va·

662 3347 720 3391 30
819 3334 1083 3377 lentinianus
1104 3334 1360 3386 Eudoxiam,
1397 3334 1635 3377 Theodosii
1657 3347 1712 3376 ex
1732 3333 1926 3375 Eudocia
1955 3331 2101 3382 filiam,
2135 3331 2192 3382 (d.
2215 3330 2269 3372 29

820 3391 933 3443 Oct.)
965 3393 1010 3434 in
1032 3393 1351 3435 matrimonium
1373 3393 1493 3436 ducit
1516 3391 1919 3447 Constantinopoli,
1950 3391 2024 3433 ille
2047 3390 2146 3432 huic
2168 3389 2269 3442 Illy-

822 3452 958 3494 ricum
991 3451 1259 3494 occidentale
1293 3451 1420 3495 cedit.

337 3510 423 3553 438
488 3511 596 3553 1191
665 3511 720 3554 14
783 3510 884 3555 Cos.
903 3509 1148 3552 Theodosio
1169 3509 1281 3566 Aug.
1299 3510 1408 3552 XVI
1430 3510 1473 3553 et
1494 3509 1650 3552 Anicio
1672 3508 1831 3552 Acilio
1838 3507 2069 3552 Glabrione
2090 3505 2268 3555 Fausto,

663 3584 716 3628 31
828 3569 1131 3611 Theodosianus
1167 3570 1322 3621 Codex,
1356 3582 1440 3623 quo
1473 3568 1809 3611 constitutiones
1840 3566 2083 3622 principum
2113 3562 2213 3606 inde
2246 3575 2272 3604 a
