2392 4016
380 215 461 259 106

375 370 405 392 a.
418 360 502 392 Chr.
582 370 603 391 u
634 370 652 391 c

405 757 482 800 101

402 1285 486 1328 100

427 2167 483 2210 99

428 2698 483 2742 98

428 3051 482 3094 97

430 3346 485 3388 96

431 3520 486 3564 95

569 756 653 802 653

566 1284 651 1330 654

565 2166 651 2211 655

565 2698 649 2742 656

565 3051 650 3095 657

1148 216 1323 256 Annales
1354 218 1526 258 Romani

767 406 867 450 dum
907 406 1077 462 collega
1115 407 1270 450 castris
1310 406 1364 449 ad
1393 405 1591 451 Athesim
1628 407 1728 451 fluv.
1768 410 1924 464 positis
1956 410 2106 454 Italiae
2136 410 2294 454 finibus

769 465 863 508 adv.
898 465 1095 509 Cimbros
1137 466 1367 521 praesidet.
1438 466 1488 509 In
1528 466 1680 510 Sicilia
1709 467 1759 510 L.
1791 468 2000 512 Lucullus
2040 483 2104 525 pr.
2145 473 2295 513 contra

766 523 972 580 fugitivos
1005 525 1116 568 male
1137 528 1315 580 pugnat,
1346 537 1449 567 mox
1480 538 1573 568 eam
1595 526 1648 569 ob
1670 538 1846 570 causam
1869 527 2110 571 damnatus.
2157 528 2208 571 D.
2226 529 2293 571 Iu-
2350 580 2353 581 ⁷

765 584 862 626 nius
896 583 1070 627 Silanus
1101 597 1165 639 pr.
1196 585 1241 626 in
1272 584 1396 640 Hisp.
1430 584 1507 626 ult.
1538 584 1773 629 Lusitanos
1806 586 1965 629 domat.

825 641 953 685 Cens.
987 642 1036 694 Q.
1063 641 1279 686 Caecilius
1308 643 1508 686 Metellus
1539 642 1668 686 Num.
1700 643 1748 687 C.
1772 644 1899 688 Caec.
1924 645 2022 687 Met.
2047 644 2292 701 Caprarius‚

765 699 919 744 fratres
951 701 1183 756 patrueles,
1215 701 1337 745 lustr.
1371 701 1427 744 64
1459 702 1662 745 condunt.

717 757 817 802 Cos.
856 760 899 802 Ο.
932 761 1099 803 Marius
1125 761 1173 811 V,
1223 761 1282 802 M
1285 763 1308 803 '.
1340 761 1591 814 Aquillius.)
1651 761 1836 814 Marius,
1886 761 2024 804 Roma
2061 761 2295 817 profectus,

767 819 1004 862 exercitum
1043 832 1141 862 cum
1175 819 1224 871 Q.
1259 819 1413 864 Catulo
1450 833 1620 876 procos.
1658 821 1821 876 iungit,
1860 821 1934 875 qui
1973 833 2072 862 cum
2106 819 2298 864 Cimbro-

764 890 859 919 rum
889 878 1098 934 impetum
1128 878 1240 921 ferre
1271 891 1358 921 non
1389 882 1552 934 posset,
1593 879 1750 922 castris
1788 879 1842 921 ad
1872 879 2069 922 Athesim
2099 878 2200 921 fluv.
2232 893 2297 922 re·
2360 885 2365 889 '

764 935 896 989 lictis,
942 941 1058 979 retro
1090 940 1295 980 cesserat.
1366 937 1478 980 Tum
1507 951 1610 981 vero
1646 938 1799 980 Cimbri
1834 938 1879 980 in
1920 939 2083 994 campis
2116 938 2296 981 Raudiis

763 1006 850 1036 non
879 995 1032 1050 procul
1055 995 1228 1038 Verona
1257 997 1426 1051 ingenti
1456 997 1587 1040 caede
1617 999 1829 1039 vincuntur
1860 998 1904 1039 et
1935 997 2146 1039 delentur.

819 1052 944 1095 Alter
974 1065 1063 1096 cos.
1096 1054 1256 1096 bellum
1287 1055 1333 1096 in
1355 1053 1506 1097 Sicilia
1536 1068 1634 1097 cum
1662 1055 1857 1110 fugitivis
1888 1056 2144 1111 prudentius
2167 1056 2291 1111 gerit.

762 1110 887 1167 Hisp.
928 1111 1298 1155 Tarraconensem
1341 1113 1458 1168 regit
1495 1111 1543 1156 C.
1585 1111 1760 1156 Caelius
1804 1113 1989 1167 Caldus,
2029 1127 2119 1157 cos.
2151 1128 2188 1156 a.
2223 1114 2292 1157 94.

763 1169 991 1214 Parricidii
1033 1183 1175 1227 poena
1222 1171 1274 1214 de
1305 1170 1509 1214 Publicio
1547 1171 1768 1225 MalleolO,
1815 1173 1964 1228 matris
2003 1172 2293 1226 interfectore,

765 1230 960 1272 sumitur.

715 1286 816 1331 Cos.
863 1289 907 1331 C.
939 1288 1108 1330 Marius
1131 1288 1211 1341 VI,
1261 1289 1314 1331 L.
1342 1289 1533 1331 Valerius
1562 1287 1776 1340 Flaccus.)
1844 1290 1899 1331 L.
1931 1289 2181 1331 Saturninus
2216 1301 2295 1346 per

761 1347 848 1389 vim
885 1347 1085 1390 tribunus
1125 1347 1266 1404 plebis
1304 1349 1460 1391 iterum
1498 1347 1638 1391 factus
1677 1360 1776 1391 cum
1819 1348 1862 1392 0.
1893 1348 2071 1391 Servilio
2116 1348 2295 1391 Glaucia

761 1408 959 1461 praetore
1001 1409 1044 1449 et
1077 1405 1124 1449 C.
1159 1406 1334 1449 Saufeio
1375 1409 1626 1462 quaestore,
1668 1407 1779 1450 clam
1817 1407 1990 1450 favente
2019 1407 2153 1450 Mario
2186 1419 2294 1460 cos„

759 1477 892 1520 remp.
934 1465 1116 1521 agrariis
1154 1465 1325 1521 legibus
1356 1466 1602 1521 perturbat,
1655 1465 1792 1521 Q.que
1821 1466 2042 1509 Metellum
2082 1466 2186 1509 urbe
2225 1479 2294 1509 ce·

761 1523 934 1566 dentem
953 1525 1010 1566 ‚in
1041 1524 1173 1567 exilio
1205 1537 1304 1568 esse
1333 1525 1477 1576 iubet3
1508 1524 1832 1568 frumentariam
1870 1526 1964 1568 eius
1996 1526 2211 1567 actionem
2245 1525 2293 1576 Q.

762 1581 937 1638 Caepio,
970 1595 1040 1638 qu.
1074 1584 1279 1637 urbanus,
1310 1583 1504 1639 impedit.
1566 1583 1656 1627 Sed
1686 1596 1784 1628 cnm
1816 1585 1962 1627 occiso
1996 1583 2044 1626 C.
2076 1584 2294 1636 Memmio,

763 1642 1015 1684 consulatus
1049 1642 1291 1695 candidato,
1323 1643 1411 1685 vim
1439 1645 1625 1698 pararet,
1659 1645 1708 1685 ut
1736 1655 1835 1686 cum
1864 1643 1960 1698 ipse
1982 1643 2082 1685 trib.
2103 1643 2293 1686 refectus

763 1702 894 1752 esset,
928 1699 1111 1743 Glaucia
1141 1714 1230 1744 cos.
1263 1703 1494 1754 crearetur,
1528 1701 1577 1744 C.
1598 1701 1759 1744 Marius
1791 1705 1968 1744 senatus
1991 1703 2293 1744 auctoritatem

762 1761 938 1801 secutus
953 1759 1193 1802 seditiosos
1216 1761 1334 1802 cives
1357 1761 1486 1802 armis
1506 1760 1552 1802 in
1575 1760 1835 1816 Capitolium
1856 1761 2090 1816 compellit,
2123 1761 2292 1803 deditos
2316 1765 2319 1767 ’

758 1818 804 1859 in
835 1818 1023 1860 tumultu
1052 1818 1260 1861 trucidari
1290 1819 1464 1873 patitur,
1497 1832 1534 1872 a.
1567 1818 1607 1861 d.
1641 1828 1690 1860 iv
1722 1818 1784 1861 Id.
1816 1819 1921 1862 Dec.
1982 1816 2052 1861 Μ’.
2075 1819 2292 1875 Aquillius

761 1889 933 1932 procos.
963 1877 1009 1919 in
1042 1876 1194 1920 Sicilia
1222 1876 1432 1933 fugitivos
1465 1877 1739 1933 persequitur
1770 1890 1832 1921 ac.
1850 1878 1963 1920 fame
1995 1878 2123 1920 delet.

822 1934 1003 1978 Colonia
1032 1935 1249 1992 Eporedia
1286 1937 1332 1978 in
1362 1936 1604 1992 Vagiennis
1639 1936 1887 1989 deducitur,
1926 1949 2006 1979 nec
2045 1939 2146 1992 post
2184 1937 2293 1978 hanc

760 1993 848 2036 ulla
878 1995 965 2037 nisi
995 1995 1207 2037 militaris.
1271 1994 1418 2038 Gallia*
1441 1995 1711 2051 transalpina
1749 1996 1795 2038 in
1834 1996 2082 2052 provinciae
2112 1995 2292 2038 formam

758 2053 984 2109 redigitur,
1017 2066 1125 2109 quae
1158 2056 1313 2097 octava
1341 2053 1436 2096 fuit.

823 2111 870 2154 C.
902 2112 1038 2155 Iulius
1073 2112 1233 2155 Caesar
1262 2114 1456 2156 nascitur
1485 2126 1524 2155 a.
1556 2112 1596 2155 d.
1630 2121 1678 2154 lv
1711 2112 1774 2155 Id.
1809 2111 1954 2164 Quint.

714 2169 814 2213 Cos.
856 2171 919 2212 M.
951 2171 1152 2213 Antonius
1183 2171 1398 2224 (orator),
1437 2172 1492 2214 A.
1523 2172 1754 2213 Postumius
1782 2170 1996 2222 Albinus.)
2065 2170 2207 2213 Praet.
2242 2170 2290 2222 Q.

761 2229 929 2272 Mucius
980 2243 1078 2272 cum
1119 2229 1169 2271 L.
1211 2229 1384 2272 Crasso.
1462 2229 1510 2272 C.
1552 2229 1756 2273 Claudius
1795 2231 1980 2273 Pulcher
2017 2229 2292 2285 magnificam

761 2288 922 2330 aedilit.
956 2289 1069 2344 gerit
1098 2288 1435 2344 elephantosque
1455 2289 1620 2344 primus
1641 2288 1856 2344 producit.
1898 2289 2000 2332 Sex.
2025 2288 2168 2331 Titius
2190 2288 2288 2331 trib.

760 2347 818 2402 pl.
853 2346 1086 2390 seditiosus
1126 2347 1269 2402 legem
1307 2360 1396 2402 agr.
1426 2347 1522 2389 fert.
1592 2347 1901 2403 Opprimuntur
1937 2347 2145 2402 reliquiae
2177 2347 2289 2389 sedi-

760 2406 892 2448 tionis
915 2405 1210 2461 Appuleianae
1243 2406 1455 2449 damnatis
1487 2406 1745 2461 quibusdam
1775 2406 2061 2462 popularibus
2095 2405 2169 2457 (cf.
2203 2405 2294 2449 Cic.

758 2478 800 2520 p.
833 2465 941 2507 Rab.
975 2477 1010 2507 c.
1035 2465 1112 2516 9):
1147 2464 1196 2516 Q.
1228 2465 1427 2507 Metellus
1458 2467 1686 2507 revocatur
1715 2466 1761 2507 in
1793 2466 1975 2520 patriam
2007 2466 2105 2520 lege
2139 2464 2187 2517 Q.
2212 2464 2292 2507 Ca-

763 2523 858 2565 lidii
888 2523 987 2566 trib.
1020 2526 1065 2566 et
1093 2523 1327 2579 praecipuo
1360 2523 1504 2566 studio
1537 2523 1586 2575 Q.
1617 2523 1710 2566 filii.

819 2582 990 2624 Bellum
1031 2583 1078 2625 in
1115 2582 1269 2625 Sicilia
1305 2595 1382 2638 per
1411 2579 1480 2624 M'.
1511 2582 1672 2638 Aquill.
1703 2581 1870 2635 finitur,
1909 2583 1954 2624 iu
1994 2594 2078 2637 quo
2117 2582 2292 2626 circiter

761 2640 906 2684 decies
938 2644 1120 2684 centena
1150 2642 1270 2684 milia
1297 2641 1577 2698 fugitivorum
1609 2642 1768 2685 occisa.

713 2698 813 2742 Cos.
860 2699 908 2748 Q.
955 2700 1157 2743 Caecilius
1187 2701 1380 2743 Metellus
1409 2700 1571 2755 Nepos,
1610 2700 1827 2743 Balearici
1862 2699 1999 2751 filius,
2044 2700 2092 2743 T.
2123 2700 2292 2751 Didius,

760 2771 898 2801 novus
930 2757 1094 2811 homo.)
1146 2759 1240 2802 Lex
1272 2758 1464 2803 Caecilia
1493 2759 1623 2802 Didia
1660 2759 1797 2802 fertur
1827 2758 1880 2801 de
1910 2758 2080 2814 legibus
2111 2771 2190 2814 per
2221 2761 2293 2801 tri-

762 2819 979 2859 nundinum
1010 2818 1348 2874 promulgandis.
1408 2814 1476 2860 Μ’.
1507 2817 1745 2874 Aquillium
1775 2817 2108 2874 repetundarum
2139 2831 2194 2860 ex
2225 2818 2292 2860 Si-

764 2876 866 2918 cilia
903 2879 1153 2919 accusatum
1184 2877 1400 2920 Antonius
1441 2879 1585 2920 orator
1621 2877 1825 2920 defendit.
1894 2877 1943 2919 L.
1975 2876 2191 2919 Domitius
2224 2876 2291 2919 Si-

761 2935 886 2978 ciliae
916 2938 1090 2990 praeest
1120 2936 1283 2979 severe.
1323 2936 1592 2992 ,Triumphat
1611 2936 1660 2978 L.
1685 2935 1812 2979 Corn.
1836 2935 2060 2978 Dolabella
2090 2949 2145 2978 ex
2164 2936 2287 2990 Hisp.

762 2994 838 3036 ult.
874 2993 926 3035 de
957 2993 1194 3036 Lusitanis.

714 3052 814 3095 Cos.
859 3053 928 3094 Cn.
974 3052 1182 3095 Cornelius
1219 3053 1438 3105 Lentulus,
1485 3053 1535 3094 P.
1566 3053 1757 3094 Licinius
1792 3051 2004 3102 Crassus.)
2072 3051 2123 3094 In
2164 3052 2291 3108 Hisp.

761 3112 960 3154 citeriore
992 3125 1121 3168 grave
1150 3111 1311 3154 bellum
1343 3125 1442 3154 cum
1465 3110 1695 3154 Celtiberis
1727 3112 1891 3167 geritur
1923 3124 1948 3153 a
1970 3111 2020 3153 T.
2043 3110 2171 3153 Didio
2193 3124 2290 3166 pro-

764 3183 868 3222 cos.,
901 3171 981 3212 sub
1013 3183 1096 3226 quo
1130 3170 1179 3222 Q.
1210 3170 1427 3213 Sertorius
1459 3171 1558 3213 trib.
1590 3171 1678 3213 mil.
1701 3172 1901 3213 meretur.
1949 3169 2141 3212 Alteram
2161 3170 2286 3225 Hisp.

763 3229 923 3284 accipit
952 3229 1000 3271 P.
1034 3229 1218 3272 Crassus
1250 3241 1340 3272 cos.

825 3287 951 3330 Cens.
985 3287 1035 3330 L.
1059 3289 1260 3331 Valerius
1291 3288 1476 3331 Flaccus
1507 3289 1563 3331 M.
1594 3286 1810 3331 Antonius
1843 3287 1992 3339 (lustr.
2025 3286 2119 3337 65).

568 3344 654 3390 658
703 3335 816 3389 Cos.
863 3346 933 3387 Cn.
971 3347 1179 3389 Domitius
1208 3348 1521 3399 Ahenobarbus,
1574 3347 1619 3390 C.
1656 3348 1822 3389 Cassius
1859 3345 2110 3401 Lonyinus.)
2182 3344 2289 3388 Cum

567 3522 652 3565 659

763 3404 1037 3448 Ptolemaeus
1083 3404 1227 3462 Apion
1270 3419 1453 3462 regnum
1493 3406 1779 3462 Cyrenaicum
1825 3407 2084 3448 testamento
2128 3404 2289 3460 populo

763 3464 887 3506 Rom.
920 3463 1140 3516 donasset,
1172 3467 1348 3508 senatus
1378 3466 1537 3509 liberas
1570 3478 1669 3509 esse
1698 3466 1798 3508 illas
1830 3465 2028 3507 civitates
2059 3463 2196 3506 iubet.

718 3522 816 3565 Cos.
849 3523 904 3564 L.
935 3523 1122 3564 Licinius
1159 3525 1343 3576 Crassus,
1382 3527 1538 3576 orator,
1577 3537 1710 3580 gener
1741 3523 1790 3575 Q.
1820 3523 1951 3566 Mucii
1981 3522 2184 3577 Auguris,
2237 3521 2286 3569 Q.

763 3582 930 3624 Mucius
958 3581 1174 3635 Scaevola,
1206 3585 1324 3637 pont.
1355 3582 1486 3633 max.)
1547 3583 1665 3638 Lege
1695 3582 1865 3625 Licinia
1883 3581 2025 3623 Mucia
2055 3581 2103 3622 de
2133 3581 2287 3622 civibus
