2392 4016
550 189 602 227 ab
635 198 741 227 suno
773 199 810 226 a.
835 184 930 225 chr.
962 188 988 225 8
1022 197 1150 235 usqum
1180 186 1235 225 ad
1265 197 1415 224 annum
1448 198 1488 235 p.
1510 184 1606 234 Chr.
1631 186 1672 224 6.
1992 184 2078 229 137

163 344 192 367 '¹'
210 334 251 367 c'
295 344 329 368 u.
348 345 379 369 θ’
424 344 510 376 xmp.
594 377 819 423 Gracchus
859 380 998 422 morte
1038 381 1114 422 aut
1152 377 1287 422 exilio
1327 376 1580 435 puniuntur.
1651 377 1701 421 L.
1735 377 1951 422 Domitius
1982 376 2080 422 Bel·

594 438 718 494 gicae
743 449 864 494 prov.
895 436 1173 494 praeficitur,
1213 448 1312 480 cum
1342 436 1389 479 in
1420 435 1759 492 Lugdunensem
1791 436 2000 481 succedat
2029 435 2078 481 L.

593 496 745 540 Aelius
778 496 940 540 Lamia.

201 558 223 602 1
291 557 378 603 753
437 557 498 603 30
556 555 652 600 Hoc
694 568 829 610 anno,
870 555 972 600 Cos.
1004 555 1144 600 Cosso
1178 553 1382 599 Cornelio
1413 553 1621 606 Lentulo,
1661 553 1709 596 L.
1746 553 1979 610 Calpurnio
2011 554 2082 598 Pi·

595 627 725 668 sone,
763 617 975 658 secundum
1006 630 1146 658 aeram
1176 614 1386 670 vulqarem
1415 612 1639 669 (quamvis
1672 613 1767 655 eius
1799 617 1949 656 auctor
1980 613 2081 656 Dio-

441 680 491 716 tr.
603 675 757 730 nysius
790 674 988 730 Exiguus
1029 674 1299 717 nativitatem
1333 672 1498 717 Christi
1536 672 1581 715 in
1624 686 1663 714 a.
1707 673 1846 728 inseq.
1879 673 2081 728 posuisse

418 739 505 786 pot.
595 734 807 786 videatur,
844 733 930 776 vid.
962 732 1117 776 Ideler.
1170 731 1329 775 Chron.
1363 731 1418 775 11.
1450 744 1493 788 p.
1515 730 1647 783 384),
1689 731 1879 774 IESUS
1914 731 2082 773 CHRI-

437 796 490 835 28
594 793 756 836 STUS
784 793 830 836 in
852 792 1013 836 Iudaea
1043 792 1251 844 nascitur,
1283 802 1396 834 auno
1427 793 1532 847 post
1560 790 1767 834 mundum
1800 794 1992 834 creatum
2015 803 2081 835 se-

594 851 784 896 cundum
814 851 1042 895 Petavium
1071 849 1203 895 3983.

652 910 824 964 Gaium,
855 909 994 953 filium
1026 911 1248 963 maiorem,
1278 908 1581 967 proconsulari
1611 909 1792 965 imperio
1815 911 2014 952 ornatum
2036 910 2082 953 in

165 975 263 1022 poet
597 968 860 1023 Armeniam,
902 970 976 1013 ubi
1006 968 1273 1013 Artavasdes
1306 968 1502 1012 deiectus
1534 972 1640 1022 erat,
1684 969 1817 1012 mittit
1847 976 2079 1013 rectorem-

159 1030 255 1071 Chr.
597 1042 681 1086 que
721 1029 990 1073 adolescenti
1029 1029 1104 1072 dat
1133 1029 1188 1071 M.
1221 1028 1434 1080 Lollium,
1473 1028 1629 1084 Syriae
1660 1040 1781 1085 prov.
1815 1028 2081 1085 impositum.

163 1094 250 1130 nat.
555 1104 557 1108 ⁴
598 1088 761 1133 Caesar
794 1089 981 1133 Graecia
1012 1090 1059 1131 et
1091 1087 1296 1145 Aegypto
1332 1090 1566 1145 peragrata
1596 1087 1717 1131 Sami
1747 1088 1960 1140 hibernat,
1993 1088 2068 1131 ubi

202 1149 235 1201 1Γ
288 1147 375 1195 754
435 1147 490 1192 31
558 1147 660 1192 Cos.
698 1148 741 1191 0.
780 1148 955 1202 Caesar,
999 1147 1170 1203 collega
1200 1148 1254 1190 L.
1285 1147 1462 1190 Aetnilio
1494 1147 1668 1199 Paullo,
1709 1146 1899 1203 Augusti
1929 1160 2083 1204 proge-

435 1213 487 1247 tr.
600 1220 719 1260 nero,
751 1208 913 1265 quippe
945 1207 1021 1264 qui
1042 1207 1210 1260 Iuliam,
1242 1206 1463 1263 Agrippae
1492 1210 1538 1250 et
1556 1206 1693 1249 Iuliae
1715 1205 1861 1259 filiam,
1893 1206 2084 1262 Augusti

421 1270 508 1320 pot.
599 1269 788 1323 neptem,
826 1268 873 1310 in
905 1267 1180 1310 matrimonio
1210 1265 1432 1318 haberet.)
1494 1277 1585 1309 cos.
1617 1266 1711 1309 init.
1775 1265 1889 1308 Tum
1919 1266 1966 1308 in
1999 1266 2081 1325 Sy·

439 1327 494 1366 24
598 1327 707 1370 riam
738 1326 959 1383 profectus
991 1326 1154 1369 bellum
1185 1338 1284 1368 cum
1317 1325 1508 1381 Tigrane
1539 1325 1745 1368 Armenio
1777 1326 1904 1381 gerit.

201 1386 228 1429 2
290 1385 378 1431 755
437 1384 495 1430 32
557 1384 660 1429 Cos.
692 1386 743 1428 P.
773 1386 970 1437 Vinicius,
1002 1385 1053 1427 P.
1085 1386 1281 1440 Affenius
1309 1385 1446 1427 Varus
1475 1384 1548 1436 (ex
1581 1383 1673 1427 081.
1696 1384 1775 1427 Iul.
1810 1385 1861 1426 P.
1884 1384 2085 1426 Lentulus

594 1445 761 1500 Scipio,
807 1444 855 1486 Τ.
894 1443 1108 1493 Quinctius
1143 1443 1356 1499 Crispinus
1386 1443 1671 1494 Valerianus.)
1747 1443 1934 1486 Tiberius
1970 1442 2084 1486 Nero

599 1503 692 1547 suis
725 1506 770 1547 et
800 1503 951 1546 matris
983 1503 1188 1560 precibus
1218 1503 1395 1546 tandem
1426 1503 1643 1559 impetrat,
1675 1505 1724 1545 ut
1746 1502 1927 1545 Romam
1948 1504 2081 1546 redire

594 1565 697 1620 post
735 1575 959 1606 secessum
999 1565 1167 1619 septem
1207 1574 1418 1614 annorum
1454 1561 1590 1605 liceat
1630 1562 1748 1614 (xm
1783 1561 1874 1606 Cal.
1917 1562 2038 1618 Sept.
2052 1562 2083 1615 ),

595 1634 680 1678 quo
712 1621 864 1665 eodem
897 1621 966 1664 die

651 1680 769 1725 filius
785 1681 958 1725 -minor
997 1678 1208 1736 Augusti,
1263 1679 1314 1723 L.
1360 1678 1546 1733 Caesar,
1604 1679 1759 1723 consul
1807 1679 2078 1736 designatus,

16 1753 23 1790 l
596 1740 644 1784 in
675 1740 911 1797 Hispanias
942 1740 1106 1783 missus
1136 1737 1366 1796 repentina
1395 1740 1438 1782 vi
1469 1739 1609 1784 morbi
1640 1739 1860 1783 Massiliae
1893 1738 2078 1783 decedit.

435 1804 486 1839 tr·
597 1799 646 1843 G.
690 1799 852 1843 Caesar
897 1798 1236 1843 Ariobarzanem
1281 1799 1327 1842 in
1372 1808 1557 1855 regnum
1593 1798 1826 1842 Armeniae
1874 1798 2102 1871 instituis(

419 1863 506 1911 pot.
598 1858 714 1902 ultro
753 1858 936 1903 cedente
975 1858 1160 1901 Phraate
1200 1858 1383 1911 Partho,
1422 1870 1522 1901 cum
1562 1869 1647 1914 quo
1688 1858 1969 1915 congreditur
2010 1859 2080 1910 (in

440 1919 493 1958 25
599 1919 693 1962 eius
716 1918 913 1962 exercitu
933 1916 1130 1961 Velleius
1152 1917 1409 1961 Paterculus
1431 1917 1530 1961 trib.
1561 1917 1651 1960 mil.
1674 1917 1772 1970 est).
1819 1917 1870 1961 In
1893 1917 2080 1962 Galliam

596 1977 823 2034 Belgicam
854 1976 1278 2020 Domitio-succedit
1307 1976 1356 2020 C.
1391 1976 1571 2020 Sentius
1603 1976 1879 2021 Saturninus.

197 2036 226 2081 3
286 2035 374 2080 756
434 2035 493 2081 33
555 2035 656 2081 Cos.
688 2037 742 2080 L.
774 2037 922 2079 Aelius
953 2037 1119 2089 Lamia,
1158 2036 1222 2078 Μ
1255 2036 1471 2090 Seruilius,
1507 2035 1606 2079 suff.
1639 2035 1731 2080 081.
1763 2036 1845 2081 Iul.
1876 2037 1931 2079 L.
1959 2037 2080 2079 Volu-

442 2100 512 2136 tr··
602 2097 691 2139 sius
718 2096 983 2149 suminus,
1014 2096 1068 2139 P.
1099 2094 1299 2146 Silius.)
1345 2094 1394 2139 C.
1429 2094 1612 2148 Caesar,
1654 2096 1727 2139 cui
1764 2096 1805 2139 h.
1839 2109 1876 2138 a.
1909 2095 2082 2139 adiutor

422 2160 510 2206 pot.
603 2155 730 2199 datus
770 2158 839 2198 est
868 2154 1043 2215 Syriae-
1065 2154 1236 2210 legatus
1270 2153 1319 2198 C.
1350 2155 1540 2198 Marcius
1574 2153 1841 2198 Censorinus
1873 2155 1928 2197 ad
1959 2155 2080 2212 oppi-

439 2215 492 2254 26
597 2213 698 2257 dum
719 2213 925 2271 Artagira
955 2214 1208 2257 vulneratus
1240 2213 1525 2270 languescere
1556 2214 1725 2270 incipit.
1772 2214 1986 2258 Palatium
2016 2215 2080 2258 iu-

597 2273 753 2317 cendio
784 2274 1038 2317 absumitur.
1086 2273 1136 2316 In
1155 2271 1390 2317 Germania
1420 2273 1562 2317 denuo
1593 2273 1755 2316 bellum
1777 2274 1934 2331 ingens
1956 2287 2079 2317 exar-

498 2337 502 2340 ’
594 2332 749 2386 descit‚
779 2332 892 2377 Vell.
923 2332 966 2387 2,
1001 2332 1098 2377 104.

199 2391 228 2435 4
289 2390 376 2436 757
437 2390 496 2436 34
555 2391 656 2435 Sex.
687 2393 809 2435 Aelio
846 2393 961 2446 Cato,
1001 2392 1045 2434 C.
1076 2391 1220 2435 Sentio
1251 2391 1478 2434 Saturnim
1511 2404 1600 2434 cos.
1635 2391 1758 2443 (suff.
1793 2390 1885 2435 Cal.
1916 2392 1996 2435 Iul.
2034 2392 2107 2436 C'..

600 2452 742 2495 Clodio
773 2451 942 2506 Licino,
997 2451 1068 2494 Gn.
1101 2451 1244 2493 Sentio
1273 2449 1526 2502 Saturnino)
1598 2449 1647 2494 0.
1681 2450 1844 2494 Caesar
1874 2451 2079 2508 Lymiris,

595 2510 702 2554 urbe
740 2510 919 2567 Lyciae,
957 2523 997 2553 a.
1039 2510 1080 2553 d.
1113 2518 1166 2551 lx
1202 2507 1251 2552 C.
1283 2509 1407 2552 Mart.
1446 2510 1642 2553 moritur.
1702 2510 1918 2566 Augustus
1946 2511 2082 2568 igitur
2116 2510 2121 2544 ἶ

287 2584 364 2640 Au·
440 2574 492 2609 tr.
589 2571 706 2624 filiis
734 2572 916 2623 orbatus,
943 2569 1077 2613 simul
1108 2581 1206 2612 cum
1228 2568 1423 2625 Agrippa
1443 2568 1666 2621 Postumo,
1704 2569 1910 2614 Tiberium
1933 2580 1960 2612 v
1985 2569 2079 2614 Cal.

428 2634 513 2728 τᾷ
596 2626 684 2733 ἓξ.
709 2627 2080 2745 εἵςρᾲτ..831ἵεξξὲωεεθεεῑξ..ἰξὲῑέῖηὲεεεῂὲᾊεᾰ

582 2747 711 2791 ‘idem
743 2749 871 2791 antea
892 2745 1212 2801 Germanicum,
1245 2746 1377 2790 Drusi
1395 2746 1584 2791 Neronis
1617 2760 1672 2791 ex
1691 2747 2079 2792 Antonia-minore

598 2806 750 2859 filium,
781 2806 868 2850 sibi
899 2805 1104 2872 adoptare
1127 2806 1275 2849 iussus
1298 2808 1405 2860 erat,
1436 2818 1521 2863 quo
1542 2805 1806 2851 firmioribus
1828 2807 2079 2851 fundamen·

599 2866 658 2909 tis
688 2865 1227 2922 principatus-insisteret.
1479 2890 1484 2895 -

660 2923 711 2967 In
744 2922 979 2969 Germania
1006 2936 1078 2967 res
1109 2923 1295 2967 feliciter
1332 2927 1460 2981 gesta
1496 2938 1523 2967 a
1554 2924 1731 2968 Tiberio
1770 2927 1815 2969 et
1845 2924 1894 2969 C.
1927 2925 2079 2970 Sentio

603 2982 854 3036 Saturnino,
887 2983 1090 3040 Visurgis
1122 2984 1348 3035 transitus,
1382 2982 1593 3027 Cherusci
1615 2984 1793 3040 recepti,
1826 2984 2005 3028 hiberna
2025 2984 2080 3028 ad

562 3056 567 3069 ¹
600 3044 734 3098 caput
765 3041 960 3099 Luppiae
1000 3042 1139 3086 amnis
1171 3042 1407 3094 collocata3
1447 3042 1646 3086 interfuit
1683 3043 1783 3087 huic
1823 3047 1868 3086 et
1898 3043 2078 3100 reliquis

567 3162 571 3171 .
597 3100 952 3204 lexpetgistionfibus
984 3101 1162 3204 νεέζοιὲιε
1191 3101 1463 3203 Ιῗίῐοτιεόιῗυε,
1502 3100 1748 3158 praefectus
1780 3103 1974 3159 equitum
2005 3107 2081 3147 aut

568 3171 639 3210 fe
774 3172 1000 3213 ,c.eius
1061 3172 1182 3204 isor.
1260 3191 1271 3212 ,
1393 3191 1404 3203 .

696 3230 754 3263 ex
783 3218 909 3263 Aelia
938 3219 1091 3263 Seutia
1121 3218 1903 3263 manumittendi-modum-terminat.

663 3275 1016 3322 Coniurationem
1050 3277 1129 3322 Cn.
1162 3276 1354 3321 Cornelii
1385 3276 1572 3331 Cinnae,
1613 3278 1809 3335 Pompeii
1838 3280 1986 3337 Magni
2024 3293 2079 3325 ex

599 3334 690 3379 filia
720 3337 906 3394 nepotis,
936 3338 1050 3394 Aug.
1083 3337 1263 3393 detegit,
1303 3336 1382 3381 sed
1411 3337 1576 3381 homini
1607 3338 1844 3382 clementer
1874 3339 2079 3395 ignoscit,

582 3394 825 3439 ‘consulem
856 3395 965 3439 adeo
997 3409 1036 3440 a.
1066 3396 1207 3452 inseq.
1238 3395 1452 3454 designat.

207 3452 235 3499 5
297 3452 385 3498 758
444 3452 502 3498 35
566 3452 666 3498 Cos.
697 3453 752 3498 L.
780 3454 972 3499 Valerius
1000 3455 1205 3499 Messalla
1235 3454 1428 3508 Velinus,
1472 3456 1542 3499 Cn.
1579 3456 1789 3499 Cornelius
1822 3458 1953 3500 Cinna
1982 3458 2079 3500 Μα-

602 3511 982 3625 {mm
1011 3514 1093 3617 ¹¹12
1126 3514 1361 3618 aas:
1376 3515 1896 3619 aissaizis-²5&
1923 3516 2077 3620 an·-

943 3605 953 3616 ο
1362 3606 1374 3628 ,
2063 3601 2077 3609 Ψ

13 1501 26 1594 ..ιρι-κ·-
17 1451 20 1479 Ἀ

0 3253 3 3265 ”
0 2577 24 3170 fimxrcvr.
2 2421 23 2541 ψακ-
2 2125 32 2395 ··Μμ.ιςο-
5 2048 18 2091 ε··,-
7 1983 17 2023 -ι,
9 1899 18 1958 -ι«
7 1815 23 1882 —fr-
16 1732 23 1741 ,
