2392 4016
918 172 1108 210 historiae
1139 172 1300 210 veteris.
2018 177 2072 213 [Ι

147 320 361 364 tutionem
394 319 523 371 vitae,
553 316 750 374 quamvis
779 315 826 359 id
855 316 951 373 ipse
982 328 1070 360 non
1099 315 1386 373 profiteretur,
1418 316 1532 359 ultro
1552 317 1795 360 transtulit:
1827 328 1968 372 neque
1987 327 2073 359 non

146 390 290 447 potuit
310 390 422 434 clam
445 390 501 434 iis
520 387 719 445 partibus
742 386 902 440 favere,
935 388 1008 432 ubi
1027 388 1255 440 iustitiam,
1287 388 1632 443 temperantiam,
1663 387 1934 440 modestiam,
1964 399 2074 444 quas

146 462 243 519 ipse
274 462 461 506 maxime
493 461 674 504 virtutes
714 458 934 515 probavit,
973 459 1059 503 coli
1089 459 1268 503 videret.
1337 458 1488 514 Itaque
1518 471 1616 502 cum
1647 461 1879 512 Diodorus,
1918 459 1962 502 in
1993 458 2074 503 hac

145 534 358 579 historiae
389 535 511 591 parte
542 531 642 584 (lib.
668 530 736 574 13.
772 530 840 574 14.
877 530 954 581 15)
986 530 1095 574 alios
1127 532 1341 583 auctores,
1373 530 1601 587 imprimis,
1641 533 1690 573 ut
1718 530 1901 582 videtur,
1933 530 2074 587 Epho-

146 618 242 649 rum
272 607 464 658 secutus,
505 614 814 658 nonnunquam
844 602 898 646 ab
932 613 983 645 eo
1015 601 1260 656 dissentiat,
1298 601 1414 658 apud
1444 601 1675 645 nonnullos
1703 601 1749 644 in
1781 601 2073 657 suspicionem

147 676 332 721 violatae
362 675 557 720 veritatis
587 674 721 727 venit,
759 685 870 729 quae
900 674 1123 717 accusatio
1154 676 1271 717 certe
1302 686 1389 717 non
1433 686 1485 717 eo
1516 673 1659 717 valere
1690 672 1832 725 debet,
1871 676 1920 716 ut
1947 672 2073 716 fidem

146 748 201 793 ab
231 747 542 793 candidissimo
574 746 789 802 scriptore
820 744 1135 798 abiudicemus,
1166 745 1246 789 sed
1276 746 1523 789 accuratius
1543 745 1589 788 in
1610 757 1766 788 causas
1787 744 2075 789 dissensionis

146 820 436 877 inquiramus:
475 814 667 875 alioquin
705 818 802 874 ipse
833 815 1135 873 Thucydides,
1174 817 1292 873 quod
1329 829 1456 860 nemo
1494 816 1627 859 faciet
1636 849 1648 871 ,
1687 816 1955 860 damnandus
1993 819 2075 869 est,

146 892 271 936 cuius
300 891 416 935 idem
443 891 518 935 ille
538 889 756 935 Diodorus
787 901 919 946 saepe
949 889 1251 933 auctoritatem
1282 888 1468 933 deserat.
1521 888 1749 943 Xenophon
1778 889 1913 945 igitur
1942 889 2075 932 histo·

144 963 254 1007 riam
285 962 552 1008 Graecorum
583 962 769 1018 (septem
800 958 943 1014 libris)
972 973 1051 1017 per
1079 960 1138 1005 48
1168 973 1306 1004 annos
1337 972 1476 1016 usque
1507 959 1563 1004 ad
1593 973 1783 1017 pugnam
1812 961 2075 1004 Mantineen·

148 1047 242 1080 sem
273 1034 340 1080 ol.
374 1034 474 1089 104,
506 1034 548 1088 2,
580 1036 680 1078 ante
713 1033 813 1078 Chr.
845 1032 948 1086 362,
979 1032 1174 1086 deduxit,
1215 1045 1352 1089 eoque
1383 1032 1523 1075 maius
1556 1033 1627 1076 sui
1656 1032 1918 1077 desiderium
1947 1033 2075 1076 relin-

144 1107 259 1163 quit,
298 1106 416 1163 quod
453 1106 608 1151 deinde
650 1106 909 1149 auctoritate
948 1105 1208 1162 scriptorum
1221 1137 1232 1157 ,
1274 1117 1328 1148 ea
1364 1116 1474 1161 quae
1505 1104 1592 1160 ipsi
1622 1103 1810 1147 viderint
1845 1105 2075 1148 memoriae

145 1179 436 1236 prodentium,
466 1190 647 1234 prorsus
679 1189 888 1220 caremus.
960 1176 1135 1221 Utinam
1174 1177 1420 1232 Theopompi
1448 1174 1506 1219 58
1536 1175 1636 1220 libri
1666 1176 1928 1237 Philippieon
1955 1181 2075 1221 exta·

143 1252 264 1304 rent,
305 1252 468 1307 quanto
499 1249 744 1293 accuratius
783 1247 837 1291 de
866 1247 1131 1292 fraudulenti
1158 1248 1444 1292 Macedonum
1474 1249 1593 1304 regis
1632 1248 1830 1292 consiliis
1868 1252 1913 1292 et
1940 1250 2075 1293 irritis

147 1320 412 1366 Graecorum
442 1320 680 1366 servandae
711 1320 925 1365 libertatis
957 1320 1187 1364 conatibus
1218 1320 1531 1364 indicaremus!
1581 1318 1670 1363 Sed
1699 1332 1780 1363 nos
1810 1321 1928 1376 quod
1946 1321 2075 1365 huius

143 1393 313 1450 periodi
341 1393 555 1450 reliquum
584 1396 668 1446 est,
699 1406 756 1437 ex
774 1392 957 1444 Diodori
986 1391 1085 1442 (lib.
1111 1391 1190 1443 16)
1222 1391 1335 1435 male
1357 1391 1557 1447 dispersa
1578 1393 1622 1434 et
1641 1392 1821 1435 nimium
1841 1393 1962 1436 brevi
1981 1406 2076 1438 nar·

142 1466 311 1509 ratione
347 1465 558 1521 petimus,
596 1465 670 1508 cui
707 1464 762 1508 de
792 1463 997 1520 Philippo
1028 1466 1247 1520 tamquam
1279 1475 1426 1506 veram
1454 1462 1802 1506 testimoniorum
1831 1463 1960 1507 fidem
1990 1466 2076 1508 De-

143 1538 358 1581 mechania
393 1539 439 1580 et
466 1536 684 1579 Aeschinis
721 1536 940 1579 orationes
979 1535 1033 1579 de
1063 1535 1176 1578 falsa
1203 1534 1424 1590 legatione
1462 1536 1508 1577 et
1545 1535 1740 1579 eiusdem
1770 1535 2076 1580 Demosthenis

144 1610 349 1653 orationes
366 1608 628 1663 Philippicas
659 1607 951 1664 adiungimus.
1000 1607 1204 1652 Ceterum
1237 1619 1264 1649 a
1292 1606 1478 1650 vitarum
1501 1607 1788 1663 scriptoribus
1810 1619 1898 1651 non
1917 1608 2078 1664 exigua

147 1680 344 1725 subsidia
372 1681 465 1736 peti
493 1682 693 1737 possunt,
733 1679 972 1734 Plutarcho,
1014 1680 1138 1723 cuius
1170 1692 1226 1722 ex
1257 1678 1338 1722 hac
1367 1678 1548 1735 periodo
1579 1682 1683 1722 sunt
1697 1679 1826 1723 ‹vitae
1855 1678 2076 1732 Aristidis,

147 1752 477 1806 Themistoclis,
525 1751 740 1805 Cimonis,
778 1751 963 1796 Periclis
978 1784 990 1805 ,
1028 1751 1205 1804 Niciae,
1244 1750 1509 1804 Alcibiadis,
1548 1750 1788 1807 Lysandri,
1825 1751 2075 1807 Pelopidae,

145 1824 359 1883 Agesilai,
388 1824 711 1877 Demosthenis,
752 1826 797 1867 et
821 1823 1006 1867 Cornelio
1036 1822 1212 1878 Nepote,
1252 1823 1328 1879 qui
1357 1826 1476 1867 totus
1507 1822 1598 1868 fere
1627 1823 1674 1866 in
1703 1823 1855 1867 eadem
1883 1823 2076 1880 periodo,

146 1897 380 1954 praecipue
409 1896 457 1940 in
487 1896 582 1939 eius
612 1897 735 1951 parte
765 1896 1007 1952 posteriore
1037 1897 1250 1939 versatur.
1313 1894 1405 1947 (Cf.
1436 1895 1552 1939 vitas
1582 1893 1921 1950 Epaminondae,
1953 1894 2077 1939 Pelo-

144 1968 288 2025 pidae,
316 1967 550 2024 Lysandri,
579 1966 792 2024 Agesilai,
824 1966 1033 2021 Cononis,
1065 1967 1313 2023 Iphicratis,
1346 1965 1574 2019 Chabriae,
1607 1965 1858 2020 Timothei.)

262 2039 435 2084 Proelio
465 2038 581 2096 apud
606 2039 879 2083 Chaa-oncant
910 2036 968 2092 (a.
993 2037 1093 2083 Chr.
1114 2036 1222 2091 338)
1255 2050 1354 2082 cum
1373 2037 1666 2082 Athenienses
1688 2041 1734 2081 et
1755 2037 1951 2082 Thebani
1971 2038 2076 2083 victi

147 2114 310 2166 essent,
338 2111 568 2168 imperium
596 2110 653 2155 ad
671 2110 920 2154 Macedones
938 2109 1197 2154 translatum
1224 2112 1306 2163 est,
1338 2112 1383 2153 et
1401 2110 1441 2153 is
1462 2122 1564 2154 vere
1584 2108 1684 2153 finis
1705 2109 1919 2154 libertatis
1942 2109 2076 2154 Grae·

118 2186 121 2189 ’
147 2196 296 2228 corum
326 2183 610 2227 existimatur.
670 2181 783 2225 Nam
815 2182 900 2226 etsi
930 2181 1158 2239 Philippus
1190 2184 1235 2225 et
1267 2180 1514 2227 Alexander
1543 2181 1763 2238 ceterique
1792 2181 2075 2225 Macednum

147 2263 275 2312 reges
307 2255 453 2300 socios
484 2254 634 2298 haberi
664 2266 727 2307 se,
758 2266 846 2297 non
877 2253 1077 2298 dominos
1108 2253 1327 2307 volebant,
1359 2257 1404 2298 et
1433 2254 1563 2310 longe
1595 2253 1681 2297 alia
1707 2256 1811 2297 tunc
1833 2256 1927 2297 erat
1945 2253 2077 2298 Grae·

146 2339 294 2371 carum
325 2326 550 2371 civitatum
589 2326 788 2371 condicio
829 2338 879 2369 ac
919 2326 959 2370 si
989 2339 1118 2382 quem
1149 2325 1359 2382 populum
1388 2325 1518 2370 hodie
1549 2326 1691 2371 alieno
1720 2325 1904 2382 imperio
1934 2326 2077 2370 subie-

148 2401 266 2443 ctum
294 2397 495 2452 dicimw,
525 2401 672 2442 tamen
702 2398 873 2442 animus
905 2410 1111 2456 magnum
1142 2398 1307 2454 aliquid
1338 2398 1525 2443 audendi
1555 2399 1601 2443 in
1630 2399 1713 2442 hoc
1733 2398 1929 2455 precario
1950 2397 2077 2442 liber·

146 2471 251 2515 tatis
281 2482 366 2514 usu
396 2470 746 2527 extinguebatur,
778 2470 855 2514 ubi
884 2470 940 2514 ad
968 2483 1122 2528 regum
1151 2470 1419 2514 voluntatem
1450 2474 1496 2515 et
1524 2483 1678 2515 manus
1709 2473 1755 2514 et
1780 2482 1887 2527 opes
1907 2483 2079 2527 semper

149 2544 244 2587 erat
271 2541 605 2599 respiciendum.
653 2541 805 2599 Itaque
837 2543 1033 2585 veterum
1066 2542 1327 2599 scriptorum
1348 2542 1595 2599 exemplum
1616 2542 1758 2586 secuti
1777 2554 1943 2595 sumus,
1973 2555 2076 2599 quo·

147 2625 244 2659 rum
275 2613 502 2671 diligentia
530 2617 709 2671 repente
738 2615 786 2659 in
816 2614 947 2658 aliam
976 2616 1144 2670 partem
1175 2616 1513 2667 converteretur,
1551 2625 1693 2671 neque
1723 2616 1912 2657 ceteram
1942 2614 2077 2659 histo·

149 2687 259 2732 riam
291 2686 524 2731 liberarum
553 2686 600 2730 in
632 2685 818 2731 Graecia
847 2686 1071 2730 civitatum
1105 2699 1131 2729 a
1160 2698 1296 2743 regno
1316 2685 1596 2730 Macedonico
1626 2685 1935 2742 separavimus.
1986 2685 2076 2730 Iam

150 2770 252 2804 vero
281 2758 514 2802 Alexandri
542 2757 699 2813 Magni
726 2770 798 2802 res
830 2759 1003 2814 gestae,
1044 2769 1143 2800 cum
1181 2757 1285 2801 olim
1324 2757 1378 2800 ab
1408 2757 1578 2813 ingenti
1607 2768 1785 2801 numero
1817 2757 2076 2813 scriptorum

151 2827 357 2887 (amplius
391 2825 496 2882 130)
526 2831 750 2873 enarratae
781 2830 944 2882 essent,
983 2839 1165 2884 quorum
1195 2831 1340 2874 tamen
1371 2829 1500 2886 pauci
1528 2832 1800 2886 posterorum
1829 2827 1959 2873 fldem
1990 2842 2076 2873 me-

149 2902 344 2954 ruerunt,
385 2902 435 2944 ut
462 2900 741 2945 Ptolemaeus
771 2900 896 2957 Lagi,
932 2899 1228 2955 Aristobulus,
1266 2902 1414 2959 plures
1445 2904 1521 2945 aut
1549 2904 1726 2958 propter
1753 2901 1973 2945 levitatem
2003 2906 2079 2945 ant

153 2974 330 3029 propter
361 2974 613 3029 corruptum
644 2971 818 3017 dicendi
848 2985 986 3030 genus
1018 2974 1157 3017 notati
1188 2977 1304 3028 sunt,
1334 2974 1462 3018 hodie
1493 2987 1549 3018 ex
1570 2973 1754 3026 duobus,
1785 2973 1860 3029 qui
1885 2973 1967 3017 hoc
1990 2974 2076 3017 sin-

153 3043 305 3101 gulare
344 3043 429 3087 sibi
466 3047 767 3101 argumentum
807 3047 1106 3102 sumpserunt,
1145 3050 1492 3103 cognoscuntur,
1528 3046 1710 3089 Arriano
1742 3044 1910 3089 Graeco
1947 3048 1992 3089 et
2027 3046 2075 3095 Q„

157 3115 298 3159 martio
328 3114 539 3168 Romano,
576 3127 759 3172 quorum
788 3117 907 3174 prior
937 3118 1041 3174 quin
1071 3118 1207 3163 multo
1238 3121 1432 3175 praestet
1462 3117 1586 3161 alteri
1614 3129 1756 3160 rerum
1787 3117 2077 3169 accuratione,

153 3198 280 3232 nemo
311 3189 382 3231 est
408 3186 484 3242 qui
515 3186 696 3232 dubitet.
755 3187 868 3233 Nam
904 3188 1068 3232 Cion-tius
1099 3201 1196 3232 cum
1227 3190 1338 3233 hanc
1368 3189 1592 3233 materiam
1622 3189 1707 3233 sibi
1737 3189 1991 3245 expetisset,
2030 3192 2078 3232 ut

151 3258 375 3315 ingenium
414 3260 544 3313 atque
583 3258 874 3316 eloquentiam
911 3261 1183 3313 ostenderet,
1220 3261 1432 3318 imprimis
1476 3273 1585 3318 quae
1616 3260 1670 3304 ad
1701 3259 2077 3303 admirabilitatem

152 3329 350 3374 fortunae
380 3329 613 3385 pertinent,
646 3329 911 3376 Clitarchum
942 3335 1135 3385 secutus,
1168 3332 1377 3390 explicat:
1415 3334 1622 3376 Arrianus
1651 3332 1813 3384 (altero
1844 3335 1946 3388 post
1976 3330 2074 3375 Chr.

153 3403 301 3446 natum
323 3400 498 3445 saeculo
508 3400 540 3455 ),
572 3414 670 3446 cum
690 3402 850 3447 iustam
871 3404 1096 3449 historiam
1116 3416 1374 3463 componere
1395 3406 1540 3459 vellet,
1571 3408 1616 3449 et
1635 3403 1941 3460 Xenophontis
1963 3402 2076 3447 Ana-

151 3473 279 3519 basin
309 3472 365 3517 ad
393 3473 649 3517 imitandum
680 3473 764 3518 sibi
794 3475 1109 3532 mposuisset,
1142 3478 1433 3522 certissimum
1465 3490 1606 3521 rerum
1637 3476 1889 3520 bellicarum
1921 3474 2074 3519 ducem

152 3545 446 3599 Ptolemaeum,
486 3543 598 3601 Lagi
626 3543 787 3601 filium,
824 3546 980 3603 elegit,
1013 3550 1064 3592 et
1093 3548 1305 3606 eleganti,
1343 3549 1423 3594 sed
1459 3548 1648 3606 simplici
1678 3547 1886 3593 orationis
1917 3559 2075 3603 genere
