2392 4016
67 399 78 417 ¹
175 411 204 437 a.
220 402 305 436 Chr.
389 412 412 435 u
440 412 459 435 c

175 775 287 848 '357

86 1058 92 1069 ’
169 1098 287 1185 Ι356

170 1392 288 1438 *355

169 1687 286 1734 ⁸354

169 1924 285 1971 ⁸353

197 2219 286 2265 352

168 2513 279 2560 ⁰851

169 3047 294 3122 ’1349Υ

200 3518 289 3564 348

629 256 680 295 nb
712 269 818 295 anuo
850 269 886 295 a.
910 255 1004 297 Chr.
1029 257 1113 296 867
1146 269 1273 307 usque
1305 259 1355 298 ad
1387 271 1534 299 annum
1560 262 1658 300 348.
2055 261 2111 306 67

570 447 745 491 uienses
776 446 967 492 dimicat.
1029 447 1078 493 0.
1100 447 1323 506 Sulpicius
1354 447 1531 494 Peticus
1564 452 1660 495 dice.
1693 450 1774 504 (M.
1801 452 2003 498 Valerius
2027 453 2110 497 Pu-

569 505 759 608 bliccgltau
768 519 881 565 mag.
923 505 1016 565 eq.)
1062 506 1238 552 adiutus
1285 520 1312 552 a
1349 507 1521 553 Latinis
1567 509 1622 554 de
1664 510 1805 556 Gallis
1847 513 2111 570 triumphum

569 577 662 608 mer
761 598 771 608 .

627 624 749 668 Duae
779 625 918 668 tribus
950 624 1169 680 Pomptino
1198 633 1239 668 ce
1269 624 1457 668 Publilia
1485 624 1704 670 adduntur
1735 628 1809 680 (ex
1824 627 2031 683 Volscis),
2063 633 2111 673 ut

568 683 656 726 iam
697 683 788 727 sint
818 682 889 727 27.
962 683 1027 727 De
1059 683 1224 728 ambitu
1261 686 1354 727 tum
1391 684 1579 741 primum
1621 699 1647 729 a
1688 684 1736 730 Ο.
1776 687 1971 731 Poetelio
2009 688 2110 732 t'n‘b.

568 741 627 798 pl.
659 742 914 787 auctoribus
939 742 1136 800 patribus
1166 741 1303 786 latum
1333 743 1531 788 traditur.

368 801 455 846 397
517 799 618 845 Cos.
650 798 671 822 ‘¹
688 801 733 845 C.
763 802 960 845 Marcius·
984 801 1174 856 Rutilus,
1226 802 1298 846 Cn.
1330 802 1520 846 Manlius
1553 802 1654 859 Cap.
1686 804 1834 860 Impar.
1866 804 1957 856 II.)
2021 805 2112 849 Lex

567 860 714 904 Duilia
750 860 922 904 Maenia
965 860 1200 905 tribunicia
1237 861 1292 905 de
1337 861 1487 906 fenore
1526 862 1722 907 unciario
1761 858 1941 920 perlata.
2011 865 2113 908 Alia

568 919 641 963 lex
679 919 733 964 de
763 919 973 964 vicesima
1011 921 1399 965 manumissionum
1439 922 1509 966 ab‘
1533 923 1730 966 exercitu
1762 927 1806 966 et
1838 921 1918 967 Gn.
1950 923 2110 968 Manlio

553 988 662 1023 cos.
693 979 739 1022 in
778 979 936 1023 castris
968 979 1023 1023 ad
1054 979 1249 1024 Sutrium
1280 980 1428 1035 datur,
1472 981 1589 1039 quod
1620 994 1674 1025 ne
1705 982 1803 1038 quis
1836 983 2017 1039 posthac
2049 982 2110 1026 fa·

565 1040 698 1092 ceret‚
727 1039 892 1083 tribuni
922 1039 1064 1095 capite
1096 1039 1311 1083 sanciunt.

368 1097 456 1143 398
519 1095 621 1142 Cos.
653 1097 718 1140 M.
750 1099 908 1141 Fabius
937 1099 1158 1141 Ambustus
1187 1099 1251 1153 II,
1285 1099 1350 1142 M.
1371 1099 1578 1154 Popillius
1607 1100 1775 1142 Laenas
1795 1099 1885 1155 II.)
1948 1100 2111 1145 contra

557 1156 801 1210 Etruscos,
841 1157 1183 1214 Tarquinienses
1215 1161 1260 1201 et
1289 1158 1488 1202 Faliscos
1516 1159 1673 1216 primus
1710 1160 1889 1203 dictator
1917 1161 1967 1203 ds

566 1216 718 1259 dicitur
743 1216 788 1259 C.
811 1216 1002 1260 Marcius
1021 1216 1205 1270 Rutilus,
1236 1217 1565 1275 indignantibus
1596 1218 1792 1275 patribus
1825 1218 1892 1270 (C.
1911 1219 2108 1263 Plautius

569 1275 781 1320 Proculus
820 1288 934 1333 mag.
966 1288 1034 1333 eq.
1046 1276 1076 1330 )‚
1117 1275 1195 1320 sed
1234 1289 1334 1320 cum
1374 1289 1428 1320 eo
1456 1278 1699 1336 promptius
1739 1291 1766 1320 a
1794 1279 1956 1336 populo
1989 1278 2109 1323 adiu-

565 1337 704 1388 vetur,
734 1347 782 1379 re
811 1335 923 1379 bene
955 1337 1094 1393 gesta,
1125 1335 1275 1393 populi
1306 1336 1431 1380 iussu
1461 1336 1711 1394 triumphat.

369 1392 456 1437 399
518 1392 621 1438 Cos.
657 1394 702 1437 C.
734 1394 947 1450 Sulpicius
976 1394 1143 1437 Peticus
1172 1395 1262 1449 III,
1303 1395 1368 1438 M.
1395 1395 1586 1438 Valerius
1614 1395 1869 1450 Poplicola.)
1930 1396 2014 1439 Per
2044 1397 2108 1439 in·

524 1480 525 1483 =
567 1456 762 1510 terreges
792 1454 1001 1510 patricios
1040 1457 1193 1497 contra
1221 1454 1364 1511 legem
1394 1454 1609 1498 Liciniam
1639 1454 1766 1498 ambo
1805 1456 1978 1511 patricii
2017 1468 2107 1499 cos.

566 1513 717 1566 creati,
748 1513 794 1555 in
825 1512 984 1569 quibus
1015 1513 1134 1569 plebi
1155 1512 1321 1556 nullum
1343 1513 1554 1557 auxilium
1575 1515 1728 1557 contra
1748 1514 1909 1557 malum
1931 1514 2106 1558 fenebre

563 1574 708 1641 esset·
742 1570 809 1640 ·0.
841 1571 1064 1641 Sulpicius
1097 1571 1437 1628 Tarquinienses
1469 1573 1628 1626 vincit,
1667 1574 1785 1629 capti
1817 1572 1904 1618 358
1934 1574 1980 1617 in
2012 1574 2105 1617 foro

363 1656 454 1734 400
514 1630 1152 1734 Οέἓρῖἲζοῗαῗέιῖοἶωὸαεωε
1181 1690 1273 1743 ΙΙΙ,
1326 1691 1371 1732 Τ.
1410 1691 1627 1740 Quinctius
1655 1691 1818 1734 Pennus
1853 1691 2109 1747 Capitolinus

570 1748 820 1804 Crispinus.)
882 1749 1044 1793 Iterum
1084 1750 1210 1793 ambo
1250 1762 1341 1793 cos.
1372 1751 1547 1807 patricii
1584 1762 1663 1807 per
1693 1753 1840 1807 patres
1873 1763 2106 1808 eorumque

563 1808 762 1862 clientes,
784 1809 1089 1853 secedentibus
1111 1821 1210 1852 cum
1230 1812 1354 1869 parte
1382 1809 1534 1866 populi
1561 1809 1762 1862 tribunis,
1794 1810 1942 1853 creati.
1995 1810 2107 1854 Foe-

566 1867 647 1911 dus
679 1870 725 1911 et
755 1869 945 1912 societas
977 1881 1076 1911 cum
1108 1867 1378 1912 Samnitibus
1408 1868 1666 1912 instituitur.

364 1927 450 1971 401
515 1925 615 1971 Cos.
655 1926 700 1970 0.
731 1926 946 1982 Sulpicius
974 1927 1140 1970 Peticus
1178 1927 1263 1980 IV,
1309 1927 1373 1970 M.
1401 1927 1591 1970 Valerius
1620 1927 1837 1982 Poplicola
1866 1927 1939 1980 ΙΙ,
1979 1928 2106 1972 ambo

563 1985 771 2087 patricii.)
826 1984 1036 2040 Caerites,
1068 1988 1214 2030 vetere
1236 1984 1447 2030 societate
1469 1998 1567 2029 oum
1591 1985 1715 2029 Rom.
1738 1986 1973 2039 coniuncti,
2007 1999 2107 2030 cum

606 2045 906 2101 arquinienses
938 2044 1230 2098 adiuvissent,
1268 2044 1385 2089 bello
1414 2045 1544 2101 petiti
1574 2044 1626 2088 Τ.
1657 2044 1818 2088 Manlio
1850 2044 2104 2102 Imperioso,

566 2103 685 2157 dict„
715 2102 768 2147 A.
791 2103 994 2148 Cornelio
1017 2103 1157 2148 Cosso
1176 2102 1341 2147 Arvina
1369 2116 1485 2160 mag.
1517 2115 1600 2159 eq„
1631 2105 1776 2146 tamen
1797 2103 1995 2148 inducias
2021 2105 2106 2149 100

564 2174 775 2206 annorum
805 2163 1051 2219 impetrant.
1114 2161 1259 2206 Aedes
1290 2162 1508 2219 Apollinis
1541 2161 1754 2205 dedicata.

366 2221 454 2265 402
514 2219 617 2265 Cot.
649 2221 700 2264 P.
733 2221 923 2265 Valerius
950 2222 1188 2277 Poplicola,
1238 2218 1284 2264 C.
1316 2221 1507 2264 Marcius
1536 2221 1707 2263 Rutilus
1737 2221 1806 2273 II,
1849 2222 2105 2278 urgentibus

562 2279 749 2324 tribunis
780 2280 839 2337 pl.
871 2283 1045 2324 servata
1075 2280 1172 2338 lege
1194 2280 1364 2324 Licinia
1393 2293 1472 2337 per
1501 2280 1744 2336 interreges
1766 2280 1915 2323 creati.
1963 2280 2003 2324 V
2024 2281 2107 2324 viri

561 2339 769 2383 mensarii
798 2338 854 2382 a‘d
884 2340 1146 2383 solutionem
1186 2339 1301 2383 aeris
1340 2339 1471 2382 alieni
1511 2338 1652 2382 creati
1683 2351 1775 2382 rem
1807 2337 2104 2382 difficillimam

562 2398 799 2455 prudenter
830 2398 1082 2456 expediunt.
1146 2397 1194 2442 G.
1227 2398 1365 2442 Iulius
1397 2398 1518 2442 Iulus
1550 2398 1670 2450 dict„
1701 2398 1751 2441 L.
1774 2396 1986 2442 Aemilius
2018 2399 2105 2441 Ma-

518 2482 519 2485 =
562 2458 781 2502 mercinus
811 2470 926 2515 mag.
959 2470 1043 2515 eq„
1075 2459 1229 2501 contra
1259 2457 1469 2501 Etruscos
1501 2457 1623 2501 dicti.

362 2515 452 2560 403
514 2515 615 2560 Cos.
652 2517 696 2560 0.
727 2517 940 2572 Sulpicius
969 2517 1136 2560 Peticus
1170 2516 1219 2570 V,
1272 2516 1321 2561 T.
1357 2515 1570 2566 Quinctius
1604 2515 1783 2558 Cincinn.
1831 2515 2007 2570 Capitol.
2040 2515 2103 2567 ΙΙ,

563 2576 689 2620 ambo
728 2579 839 2633 patr.
877 2588 957 2634 per
998 2576 1055 2620 M.
1093 2575 1277 2619 Fabium
1306 2574 1566 2619 Ambustum
1606 2573 1711 2618 dict.
1753 2572 1829 2627 (Q.
1870 2573 2103 2617 Servilium

563 2634 747 2679 Ahalam
768 2647 882 2692 mag.
908 2633 997 2692 eq.)
1028 2637 1072 2678 et
1102 2635 1263 2678 interre
1295 2646 1344 2678 es
1377 2633 1527 2687 creati,
1558 2633 1720 2677 bellum
1751 2631 1999 2690 populando
2031 2646 2104 2689 ge-

561 2697 665 2738 mnt
693 2706 794 2738 cum
817 2694 1024 2751 Tarquin.
1058 2695 1103 2738 et
1122 2693 1309 2737 Faliscis
1330 2692 1565 2749 finiturque
1581 2691 1773 2736 induciis
1799 2691 1859 2734 40
1879 2703 2103 2735 annorum.

563 2752 653 2796 Sed
683 2765 736 2796 eo
776 2764 892 2796 anno
917 2755 1076 2809 primus
1105 2767 1244 2796 censor
1273 2753 1323 2795 de
1350 2752 1468 2808 plebe
1498 2750 1547 2796 C.
1569 2750 1756 2796 Marcius
1789 2750 1960 2794 Rutilus
1993 2751 2104 2803 (col-

563 2811 664 2870 lega
685 2810 765 2855 Gn.
786 2811 946 2856 Manlio
969 2811 1155 2869 Capitol.
1179 2811 1242 2855 Im
1300 2809 1355 2865 r.)
1375 2810 1665 2856 renitentibus
1685 2810 1896 2868 patribus,
1919 2814 2103 2855 creatur.

327 2841 329 2858 ³
364 2870 453 2916 404
515 2869 616 2915 cos.
648 2869 742 2914 *Μ
772 2870 980 2928 Popillius
1008 2871 1178 2914 Las-as
1206 2869 1239 2914 Ι
1259 2870 1298 2924 1,
1329 2871 1383 2914 L.
1420 2871 1630 2915 cometis·
1658 2870 1802 2926 serpso
1840 2882 1918 2925 per
1949 2869 1997 2913 L.
2019 2869 2103 2913 Fu-

563 2930 676 2974 rium
707 2928 936 2974 Camillum
976 2929 1080 2975 dict.
1124 2929 1197 2982 (Ρ.
1230 2928 1434 2974 Cornelio
1466 2929 1672 2987 Scipione
1703 2942 1816 2985 mag.
1849 2927 1946 2984 eq.)
1985 2929 2101 2972 facti.

563 2988 618 3032 M.
636 2987 850 3047 Popillius
872 3001 963 3034 cos.
986 2989 1185 3046 plebeius
1209 2987 1432 3033 Gallorum
1454 2989 1676 3046 ingentem
1705 2988 1944 3032 exercitum
1966 2987 2101 3044 fugat.

365 3047 454 3093 405
517 3047 621 3092 Cos.
650 3047 706 3091 L.
738 3049 890 3092 flarius
926 3049 1135 3103 Camillus,
1167 3048 1276 3104 App.
1302 3048 1502 3092 Claudius
1525 3047 1700 3090 auxus
1731 3047 2025 3102 Imqillcnsis,
2058 3048 2101 3090 iu

566 3118 680 3164 mag.
696 3109 838 3162 mort„
869 3108 996 3152 ambo
1047 3107 1203 3162 atricii,
1262 3120 1310 3151 er
1330 3106 1382 3151 Τ.
1398 3106 1604 3150 Manlium
1624 3105 1731 3162 Imp.
1756 3105 1887 3162 Torq.
1906 3104 1946 3148 11
1968 3105 2103 3149 dicta·

566 3166 705 3210 torem
772 3167 985 3220 atricium,
1047 3167 1146 3211 uius
1185 3179 1231 3210 re
1271 3178 1404 3209 causa
1422 3164 1602 3218 dictum,
1634 3164 1710 3215 (A.
1734 3163 1937 3208 Cornelio
1961 3163 2101 3208 Cosso

567 3223 734 3269 Arvina
826 3238 943 3283 mag.
975 3225 1060 3282 eq.)
1092 3224 1240 3269 creati.
1302 3224 1464 3268 Decem
1495 3222 1692 3280 legiones
1722 3222 1888 3274 45,000
1917 3222 2101 3267 militum

570 3295 597 3326 a
623 3282 674 3327 L.
696 3282 829 3328 Furio
859 3284 1134 3341 conscriptae
1165 3284 1342 3340 propter
1371 3281 1531 3327 bellum
1554 3279 1770 3326 Gallicum
1798 3285 1843 3325 et
1870 3281 2101 3326 imminens

566 3340 784 3386 Latinum.
854 3342 910 3386 u.
933 3342 1134 3386 Valerius
1177 3339 1389 3399 singulari
1426 3340 1661 3385 eertamme
1699 3352 1797 3383 cum
1839 3338 1964 3383 Gallo
2004 3351 2100 3397 pro-

566 3401 750 3445 vocante
781 3403 933 3454 cedat,
964 3401 1139 3454 (Corvus
1168 3400 1224 3444 ob
1253 3412 1349 3444 eam
1378 3412 1469 3445 rem
1499 3398 1773 3456 appellatus.)
1806 3398 1922 3442 Galli
1942 3399 2101 3443 exinde

568 3471 595 3502 a
624 3458 820 3503 Romano
848 3458 966 3503 bello
995 3458 1228 3503 desistunt.

368 3518 457 3564 406
521 3516 621 3562 Cos.
663 3517 724 3560 Μ
751 3517 941 3562 Volo-ins
983 3518 1137 3562 Corvus
1173 3517 1273 3574 (qui
1319 3515 1377 3562 98
1415 3529 1552 3561 annos
1591 3519 1719 3560 uatus
1758 3528 1849 3560 cos.
1889 3516 2100 3570 creatur),

566 3574 652 3620 *ΜΣ
684 3576 746 3620 Ρο
783 3577 888 3620 'llius
925 3576 1093 3621 Lamus
1127 3576 1212 3630 IV,
1259 3588 1338 3634 per
1367 3575 1422 3620 Η.
1455 3575 1682 3621 Claudium
1722 3573 1868 3620 Crass.
1909 3575 2101 3632 Inregill.

569 3635 671 3679 dict.
712 3592 790 3688 (ἔτ
817 3634 943 3679 Livio
984 3635 1145 3679 Dentre
1184 3648 1296 3692 mag.
1338 3634 1434 3691 eq.)
1474 3634 1590 3679 facti.
1661 3634 1817 3680 Graeci
1857 3634 2097 3690 praedones

1712 3710 1729 3731 r
1743 3706 1765 3730 0
