2392 4016
624 222 673 260 ab
706 233 812 260 anno
844 234 882 260 a.
906 220 1004 260 Chr.
1037 222 1125 261 las.
1154 232 1279 271 nsque
1310 223 1364 261 ad
1396 234 1544 262 annum
1581 225 1678 263 122.
2034 226 2114 270 101

185 368 316 460 ΙΙ’1216
380 379 474 459 &¹25
525 413 627 459 Cos.
654 413 698 456 0
722 413 987 468 Sempronius
1012 413 1255 467 Tuditanus,
1287 413 1373 456 Μ’.
1395 414 1606 467 Aquillius
1635 413 1820 467 deiecto,
1853 420 1902 459 ιιι
1932 416 2116 470 videtur,

576 471 626 516 L.
659 471 856 528 Rupilio,
898 484 985 529 qua
1014 472 1068 516 de
1100 484 1235 517 causa
1263 471 1313 515 P.
1344 471 1546 543 Rupilius
1589 471 1720 516 frater
1759 487 1786 515 a
1815 474 1905 517 vita
1935 477 2119 520 recessit

576 530 694 583 (Cic.
729 530 861 575 Tusc.
892 531 936 584 4,
972 531 1050 584 173
1082 530 1202 575 Lael.
1234 528 1331 583 20).
1390 526 1460 574 Μ’.
1489 529 1652 586 Aquill.
1683 532 1843 575 bellum
1873 533 2115 579 Asiaticum

575 589 766 643 conficit,
798 589 900 634 dum
932 590 1043 635 alter
1072 602 1179 644 cos„
1210 591 1261 634 ιιι
1278 589 1444 634 iudicia
1473 589 1527 633 ds
1549 602 1656 646 agro
1686 591 1862 647 publico
1883 591 2116 637 dividendo

574 649 723 702 evitet,
752 650 883 694 rebus
914 649 1011 693 adv.
1027 648 1204 706 Illyrios
1224 647 1413 706 Iapydes
1435 649 1575 705 gestis
1595 649 1863 706 triumphum
1884 656 2085 696 meretur.

635 708 800 752 Romae
849 721 988 752 novae
1034 708 1274 752 seditiones
1321 721 1347 751 a
1396 707 1570 752 Illviris
1614 720 1720 765 agro
1766 708 2014 763 dividendo,
2066 711 2114 753 C.

559 766 790 826 Graccho,
823 766 872 811 Ο.
905 766 1118 821 Carbone,
1154 767 1212 811 Μ.
1243 766 1399 811 Fulvio
1431 767 1690 820 excitantur,
1730 780 1911 824 quorum
1942 769 2115 813 iniuriis

576 826 786 871 adversus
817 827 964 871 socios
995 839 1096 870 cum
1125 825 1176 870 P.
1197 825 1431 870 Africanus
1462 826 1722 883 gravissime
1754 839 1802 870 se
1823 829 2115 884 opposuisset,

422 899 423 905 ¹
572 899 698 930 mane
727 886 774 929 in
803 885 964 930 lectulo
996 887 1192 930 mortuus
1222 885 1428 929 inventus
1460 889 1542 939 est,
1574 886 1732 929 aetatis
1764 898 1876 930 anno
1908 886 1979 931 56.

216 945 299 990 128
355 944 466 989 626
527 943 630 990 008.
667 945 738 989 Cn.
775 945 984 999 octavius,
1021 945 1070 988 T.
1102 945 1263 988 Annius
1292 945 1455 987 Luscus
1483 943 1664 1001 Rufus.)
1724 941 1793 988 Μ’.
1824 946 2042 1002 Aquillius
2072 950 2117 991 et

574 1004 658 1049 hoc
691 1007 736 1049 et
763 1005 904 1062 inseq.
936 1018 975 1048 a.
1005 1003 1159 1048 Asiam
1188 1004 1458 1061 provinciam
1488 1006 1619 1062 pacat
1646 1015 1818 1061 procos.

211 1032 294 1108 127
376 1062 462 1108 627
525 1062 629 1108 Ges.
660 1064 716 1108 L.
752 1064 921 1107 Cassius
949 1063 1168 1120 Lonqinus
1199 1063 1389 1118 Raviaa,
1424 1063 1479 1107 L.
1506 1063 1717 1107 Cornelius
1742 1063 1884 1106 Cinna.
1887 1062 1912 1114 )
1967 1064 2011 1107 C.
2028 1064 2115 1108 Lu-

505 1138 507 1141 ’
574 1124 695 1167 cilius
724 1123 857 1180 posta
884 1121 1023 1166 floret.
1090 1151 1096 1157 ι

212 1180 292 1224 126
377 1180 463 1225 628
526 1180 628 1226 Cos.
657 1182 722 1224 Μ
743 1182 945 1225 Aemilius
974 1182 1171 1237 Lepidus,
1205 1181 1259 1223 L.
1283 1181 1480 1223 Aurelius
1505 1179 1708 1233 orata.)
1756 1181 1812 1224 Μ.
1835 1181 1985 1226 Iunius
2006 1182 2117 1226 Pen-

574 1254 658 1285 nus
690 1241 791 1285 trib.
823 1241 881 1298 pl.
923 1240 1067 1298 legem
1097 1240 1182 1284 fert
1220 1240 1275 1284 de
1312 1240 1557 1298 peregrinis
1589 1240 1695 1284 urbe
1714 1240 1962 1297 pellendis,
2003 1241 2117 1286 inter

477 1347 480 1350 ‚
573 1312 683 1357 quos
715 1302 839 1357 pater
866 1300 923 1344 Μ.
946 1299 1190 1357 Perpernae
1222 1299 1327 1343 olim
1347 1298 1541 1343 consulis
1562 1299 1787 1356 repetitur.
1838 1299 1888 1343 L.
1910 1300 2115 1344 Aurelius

574 1372 665 1403 cos.
688 1358 937 1403 Sardiniam
966 1371 1087 1415 prov.
1110 1359 1306 1411 sortitus,
1339 1357 1389 1402 G.
1409 1357 1655 1402 Gracchum
1675 1361 1951 1415 quaestorem
1972 1359 2114 1403 habet.

570 1418 850 1462 Memorabile
888 1418 1138 1461 incendium
1167 1416 1337 1461 Aetnae
1367 1417 1529 1461 montis
1568 1419 1613 1460 et
1652 1417 1700 1461 in
1729 1416 1926 1474 Lipareis
1959 1418 2115 1462 insulis

573 1480 841 1534 procuratur.
899 1473 969 1520 Μ.
1002 1476 1220 1533 Aquillius
1249 1478 1353 1533 post
1381 1476 1647 1533 triumphum
1676 1476 2014 1532 repetundarum
2045 1491 2116 1521 ac·

570 1539 749 1580 cusatus
779 1549 806 1579 a
836 1536 885 1579 P.
916 1535 1103 1579 Lentulo
1135 1548 1191 1579 ex
1220 1534 1328 1579 Asia
1356 1534 1612 1579 absolvitur.

207 1595 290 1640 125
373 1595 459 1640 629
521 1594 623 1639 Cos.
655 1595 720 1638 Μ
752 1595 948 1638 Plautius
977 1595 1213 1652 Hypsaeus,
1258 1595 1324 1638 M.
1357 1595 1531 1637 Fulvius
1563 1592 1778 1645 Flaccus.)
1846 1594 1901 1637 Μ.
1934 1595 2114 1639 Fulvius

568 1667 660 1698 cos.
701 1653 941 1698 seditiones
981 1655 1145 1698 excitat
1186 1653 1414 1711 rogatione
1451 1653 1679 1710 proposita
1716 1654 1766 1695 de
1797 1654 1963 1697 civitate
1993 1656 2116 1698 sociis

567 1714 734 1757 Italicis
763 1714 924 1766 danda,
957 1726 1086 1770 quam
1117 1726 1216 1756 cum
1246 1715 1426 1756 senatus
1457 1712 1668 1768 impedire
1698 1712 1851 1766 vellet,
1891 1726 1981 1756 cos.
2014 1713 2109 1756 adv.

570 1772 790 1817 Salluvios
823 1771 974 1816 Gallos
1006 1771 1348 1816 Massiliensium
1379 1771 1553 1815 accolas
1584 1771 1783 1815 mittitur.
1843 1773 2112 1828 Freyellanos

567 1832 624 1876 ob
655 1834 857 1888 negatam
889 1832 1111 1875 civitatem
1139 1830 1402 1875 rebellantes
1433 1830 1484 1874 L.
1514 1829 1713 1886 Opimius
1745 1843 1809 1887 pr.
1843 1830 1898 1874 ad
1929 1831 2111 1876 deditio·

569 1903 669 1935 nem
700 1890 850 1947 adigit,
881 1890 1118 1946 urbemque
1148 1889 1294 1933 diruit.

629 1948 759 1994 Gens.
778 1949 860 1993 Cn.
878 1949 1090 1994 Servilius
1109 1947 1197 1992 Cae
1229 1949 1287 2003 io,
1318 1947 1369 1992 L.
1394 1946 1577 1992 Oassius
1601 1947 1828 2005 Longinus
1860 1946 2009 2000 (lustr.
2027 1948 2110 2002 60)

570 2011 752 2053 censent
772 2009 933 2052 civium
954 2021 1049 2065 cap.
1066 1962 1287 2061 39073'6,
1281 2018 1437 2064 aquam
1456 2006 1703 2063 Tepulam·
1690 2021 1735 2051 ιιι
1760 2007 1910 2051 urbem
1932 2007 2109 2052 ducunt.

207 2066 289 2111 124
370 2067 460 2112 630
520 2067 622 2112 Cos.
659 2068 704 2111 C'.
741 2068 909 2111 Cassius
938 2068 1167 2124 Longinus,
1211 2067 1256 2110 C.
1288 2067 1459 2110 Sextius
1495 2066 1701 2109 Calvinus.
1703 2065 1728 2117 )
1790 2066 1845 2109 Μ.
1879 2067 2034 2110 Fulvio
2065 2068 2110 2112 in

570 2126 713 2171 Gallia
741 2126 1009 2183 transalpina
1041 2129 1299 2183 prorogatur
1329 2125 1582 2182 imperium·
1615 2125 1896 2169 nihilominus
1928 2130 2110 2183 uterque

568 2198 660 2230 cos.
693 2185 854 2230 ibidem
885 2186 1048 2230 bellum
1079 2186 1232 2242 gessit.
1283 2184 1407 2228 *Cum
1437 2183 1554 2227 idem
1585 2183 1748 2228 factum
1781 2187 1902 2229 esset
1933 2185 1977 2228 in
2009 2185 2109 2230 Sar-

569 2244 690 2288 dinia
719 2247 764 2288 et
792 2244 843 2288 L.
863 2245 1044 2288 Aurelio
1075 2256 1263 2301 procos„
1298 2244 1344 2287 0.
1374 2242 1588 2287 Gracchus
1617 2256 1696 2300 pro
1727 2247 1895 2300 quaest.
1929 2256 2014 2287 non
2035 2257 2109 2289 ex-

566 2306 741 2361 pectato
780 2316 1036 2348 successore
1075 2303 1343 2361 provinciam
1380 2301 1610 2359 relinquit,
1649 2306 1697 2346 et
1730 2306 1962 2359 postquam
2001 2305 2109 2347 satis

204 2419 287 2464 123
342 2394 451 2466 v4331
520 2362 727 2472 οἷεορῗιιῗ
746 2363 1102 2477 ἕῖεἷεῖξιῖεῗῒζη
1108 2364 1293 2466 ἰηῇἶῗῖιίι.
1309 2361 1670 2490 Οἶῖἇῗῗοῗςῗῖἵὸιῗ
1685 2361 2109 2470 ῗῦριἷῗῷοῗῖῗιῗιὲι.

569 2480 783 2533 mininus.)
855 2481 904 2526 G.
938 2480 1162 2526 Gracchus
1195 2481 1337 2538 legem
1369 2480 1584 2536 agrariam
1613 2479 1759 2523 statris
1790 2483 1983 2533 renovat,
2010 2483 2109 2535 sru-

566 2542 805 2584 mcutarium
835 2540 932 2594 fert,
962 2553 1050 2597 qua
1078 2539 1339 2583 frumentum
1359 2550 1504 2610 'parvo
1527 2538 1667 2595 pretio
1695 2538 1870 2595 publice
1891 2513 1984 2582 dari
2005 2553 2108 2596 pan·

566 2600 745 2670 peribus
783 2600 933 2652 iussit,
973 2601 1023 2642 ds
1062 2600 1248 2642 libertate
1287 2599 1435 2641 civium
1463 2596 1601 2651 Rota,
1640 2609 1695 2640 ne
1736 2596 1790 2640 de
1822 2598 1965 2655 capite
1998 2599 2108 2642 civis

565 2671 738 2703 iniussu
759 2658 909 2716 populi
931 2657 1160 2711 iudicetur,
1191 2659 1365 2701 viariam
1387 2658 1488 2710 cet.,
1517 2629 1675 2712 qui’bus
1695 2656 1826 2700 rebus
1847 2668 1947 2700 cnm
1967 2657 2108 2714 plebis

567 2718 751 2820 grgtiam
786 2717 872 2761 sibi
903 2719 1214 2774 comparasset,
1253 2716 1300 2760 in
1331 2729 1370 2760 a.
1401 2717 1540 2772 inseq.
1571 2714 1787 2768 tribunus,
1821 2727 1906 2759 non
1937 2719 2105 2774 petens,

562 2789 608 2821 re
646 2776 776 2820 citur.

630 2834 679 2879 G.
698 2834 877 2879 Sextius
900 2846 1056 2891 procos
1077 2834 1123 2879 in
1145 2833 1302 2887 Gallia,
1333 2833 1463 2879 victis
1486 2831 1709 2885 Salluviis,
1742 2846 1779 2875 a
1801 2833 1944 2891 inseq.
1959 2833 2107 2891 Aquas

573 2893 749 2939 Sextias
788 2893 950 2938 condit.
1019 2893 1070 2947 Q.
1108 2893 1309 2938 Metellus
1339 2893 1547 2938 Baleares
1586 2891 1812 2949 piraticam
1851 2897 2106 2938 exercentes

568 2951 990 3056 aggrssssusgefacile
1014 2953 1163 3056 vinclis,
1194 2955 1240 2997 οι
1268 2950 1838 3056 Palmazdli'ggfftiamque
1870 2953 1914 2996 in
1945 2953 2106 2997 maiore

564 3023 666 3057 insu
747 3025 798 3056 ur
854 3024 875 3056 s
906 3024 1066 3056 cmum
1138 3024 1390 3056 omanorum

563 3129 576 3173 Ι
623 3069 880 3174 'ff-mumt
913 3070 969 3115 Μ.
990 3071 1172 3116 Fulvius
1201 3083 1372 3151 procos.
1405 3070 1458 3114 de
1489 3067 1735 3125 Liguribus
1755 3068 1981 3114 vocontiis
2011 3072 2105 3117 881·

581 3142 636 3173 uv
724 3142 778 3174 ue

205 3186 287 3231 122
371 3187 457 3232 632
520 3186 621 3232 Cos.
654 3141 730 3232 lae·
760 3189 969 3232 Dos-iem
998 3189 1307 3241 Ahenobarbus,
1343 3188 1388 3231 G.
1422 3189 1607 3233 thu-niue
1636 3186 1814 3240 Strabo,
1853 3187 2024 3232 deiecto
2052 3189 2102 3234 L.

572 3246 765 3304 Opimio,
805 3247 1179 3292 commendatione
1212 3247 1261 3291 O.
1294 3220 1483 3293 Gracchi
1514 3245 1720 3298 creatus.)
1781 3244 1830 3289 Ο.
1865 3246 2104 3302 Gracchus,

571 3305 921 3418 &fimi
951 3306 2103 3438 :ami‚zi‘tfzflfflmmiiszi‘⁶⁹12{;f¹'.3zffg

570 3424 620 3467 de
644 3424 870 3479 prouinciis
904 3425 1142 3468 mandis
1172 3423 1278 3479 fert,
1318 3428 1367 3470 ut
1403 3426 1654 3485 provinciae
1693 3428 1794 3467 ante
1833 3424 2009 3469 comitia
2040 3425 2102 3469 ln-

569 3482 679 3527 turis
711 3482 909 3541 magflr.
939 3482 1250 3537 decernantur,
1287 3484 1565 3530 utilissimam
1604 3482 1658 3527 ad
1697 3482 1935 3527 tollendum
1968 3486 2101 3543 magi·

571 3543 784 3585 stratuum
839 3541 1059 3587 ambitum.
1146 3541 1265 3587 idem
1317 3556 1478 3589 momm
1523 3542 1733 3595 instituit,
1790 3546 1837 3586 ut
1881 3547 2101 3599 praetores

570 3603 723 3646 exacto
755 3600 799 3644 in
832 3600 934 3645 urbe
966 3601 1246 3659 magistratus
1277 3615 1389 3647 anno
1421 3603 1466 3647 in
1488 3575 1735 3661 provincias}
1756 3599 2099 3659 proficiscantur.
