2392 4016
147 277 184 310 p.
200 267 244 303 0.

148 429 235 476 258

148 1021 235 1068 259

147 1316 238 1363 260

143 1672 232 1718 261

148 2325 234 2371 262

146 2560 233 2608 263

144 2679 231 2725 264

144 2738 231 2785 265

143 3094 230 3141 266

142 3153 229 3199 267

590 124 642 164 ab
674 135 780 164 anno
810 137 851 175 p.
872 123 968 165 Chr.
997 125 1082 166 250
1113 137 1239 175 usqne
1270 125 1324 165 ad
1353 137 1502 167 annum
1534 126 1639 167 267.
1997 128 2081 175 173

319 277 403 304 me.
445 269 534 311 imp.

604 313 876 418 Christianos
907 316 1113 374 persequi
1145 316 1314 374 coepit,
1345 316 1580 361 instinctus
1610 330 1638 361 a
1666 316 1909 374 Macriano,
1944 317 2079 376 praet.

631 386 704 418 rae
728 406 738 416 .

300 430 410 476 1011
474 432 501 477 6
563 386 665 476 Cgs.
695 432 896 478 Memmio
944 433 1091 479 Tusco
1129 435 1175 478 et
1218 433 1360 479 Basso
1401 433 1506 493 imp.
1547 433 1810 480 Valerianus
1857 436 1953 494 ipse
1992 437 2080 495 By·

601 492 745 536 zantio
776 493 821 536 in
849 492 1000 538 Asiam
1031 494 1201 547 transit,
1234 492 1509 551 Syriamque,
1541 491 1730 550 Cyriade
1761 495 2004 550 interfecto,
2035 498 2081 541 in

602 554 863 608 potestatem
893 552 1065 610 redigit.
1126 551 1299 597 Interea
1318 553 1527 610 Inqmuus
1556 551 1635 607 (8)
1668 566 1694 597 a
1713 554 1915 599 Moesicis
1948 556 2081 613 legio-

602 610 729 654 nibus
760 611 995 668 imperator
1024 611 1289 668 appellatur,
1321 612 1531 658 adversus
1561 624 1691 669 quem
1721 612 1822 656 dum
1854 613 2081 659 Gallienus

600 669 906 726 proficiscitur,
939 671 1004 714 M.
1031 671 1273 714 Cassianius
1293 671 1491 715 Latinius
1515 671 1731 716 Postumus
1763 671 1838 724 (2)
1870 673 1917 716 in
1940 672 2083 717 Gallia

601 729 737 773 totius
777 729 1027 786 provinciae
1060 741 1279 774 consensu
1316 744 1552 787 purpuram
1583 731 1738 783 sumit,
1778 743 1880 775 mox
1912 732 2080 776 Saloni·

599 801 702 831 num
698 786 971 890 dCaesarem,
995 787 1184 832 Gallieni
1211 787 1287 843 fil„
1308 789 1354 832 in
1375 789 1548 833 colonia
1567 787 1882 847 Agrippinensi
1906 795 2079 848 captum

599 846 696 890 occi
729 846 774 890 ·t.

663 904 930 977 Cyprianus,
971 905 1204 962 episcopus
1248 904 1645 964 Carthaginiensis,
1684 908 1910 965 religionis
1949 922 2083 954 causa

298 1022 413 1068 1012
474 1023 501 1068 7
563 964 1096 1068 Οἰξξιίιιῖοὲριιᾶῗὲῦέιέἦίο
1126 1023 1326 1069 Numisio
1357 1025 1563 1069 Petronio
1590 1023 1834 1070 Aemiliano
1866 1029 1910 1070 et
1939 1026 2080 1071 Basso

603 1082 825 1140 Ingenuus
855 1082 1035 1127 Aureoli
1066 1095 1199 1141 opera
1230 1084 1317 1128 cito
1351 1085 1493 1128 victus
1523 1085 1660 1141 perit,
1691 1085 1771 1129 sed
1801 1085 1986 1129 ultorem
2017 1086 2081 1129 in·

602 1142 720 1186 venit
749 1141 1043 1199 Regillianum
1074 1142 1169 1196 (9).
1229 1144 1450 1187 Alemanni
1487 1143 1659 1188 Italiam
1691 1144 1912 1202 transpad.
1945 1157 2081 1201 popu-

601 1200 766 1255 lantur,
804 1201 885 1245 sed
922 1203 967 1246 et
1002 1202 1090 1258 ipsi
1119 1202 1286 1259 proelio
1318 1202 1435 1260 apud
1463 1202 1757 1247 Mediolanum
1787 1204 1894 1248 victi
1922 1204 2083 1248 reverti

599 1263 829 1317 coguntur.

303 1318 417 1364 1013
478 1318 506 1364 8
567 1318 670 1364 Cos.
701 1318 903 1364 Cornelio
943 1319 1149 1365 Seculare
1188 1320 1232 1364 11
1270 1323 1315 1364 et
1354 1320 1525 1365 Donato
1575 1321 1822 1364 Valerianus
1858 1321 1904 1365 in
1941 1321 2083 1365 Meso·

601 1379 793 1435 potamia
823 1377 963 1432 (circa
993 1378 1222 1431 Edessam)
1254 1379 1465 1437 prodente
1495 1380 1729 1434 Macriano,
1761 1397 1789 1423 a
1819 1381 1960 1423 Persis
1989 1381 2083 1424 vin·

602 1439 716 1482 citur
747 1441 792 1482 et
820 1440 936 1481 vivus
966 1440 1150 1494 capitur,
1182 1451 1320 1483 senex
1350 1440 1726 1497 septuagenarius.
1789 1439 1908 1483 Inter
1938 1440 2083 1483 omnia

601 1497 788 1542 ludibria
819 1510 917 1541 cum
947 1510 1052 1554 rege
1073 1498 1398 1542 circumductus
1429 1498 1595 1555 aliquot
1625 1498 1796 1542 demum
1820 1499 1951 1542 annis
1982 1501 2084 1555 post

599 1556 792 1600 moritur.
853 1556 1016 1600 Hostes
1048 1557 1142 1600 sine
1175 1557 1263 1600 ullo
1294 1559 1415 1600 metu
1446 1557 1620 1614 Syriam
1650 1558 1934 1615 populantur,
1976 1558 2081 1601 Tar-

601 1627 698 1659 sum
731 1614 913 1659 Ciliciae
945 1615 1109 1669 urbem,
1141 1616 1400 1660 Heracleam
1432 1614 1734 1674 Cappadociae
1765 1621 2031 1674 expugnant.

297 1673 413 1719 1014
473 1674 500 1718 9
559 1674 784 1719 Adversus
828 1674 1220 1718 GALLIENUM
1258 1675 1329 1729 (h.
1362 1690 1400 1719 a.
1432 1675 1495 1719 1v
1536 1689 1625 1720 cos.
1658 1689 1757 1719 cum
1795 1677 1845 1720 L.
1877 1676 2081 1720 Petronio

603 1733 748 1778 Tauro
778 1733 1062 1788 Volusiano),
1100 1735 1319 1778 hominem
1359 1747 1446 1778 non
1484 1735 1667 1789 malum,
1708 1735 1788 1779 sed
1825 1735 2000 1779 mollem
2038 1739 2083 1779 et

602 1795 750 1837 tantae
779 1806 924 1836 rerum
953 1793 1058 1838 moli
1086 1793 1311 1850 imparem,
1341 1793 1489 1851 plures
1512 1794 1641 1838 simul
1671 1795 1955 1851 imperatores
1988 1807 2082 1838 sur-

602 1855 724 1909 gunt,
754 1853 999 1896 Macrianus
1028 1851 1138 1907 (12)
1167 1853 1214 1897 in
1245 1853 1395 1910 Syria,
1437 1853 1588 1896 Valens
1619 1852 1726 1907 (18)
1757 1857 1803 1897 et
1836 1854 2083 1910 Calpurnius

601 1911 701 1955 Piso
741 1910 849 1965 (20)
886 1912 933 1955 in
974 1911 1182 1967 Graecia,
1223 1912 1302 1956 sed
1340 1912 1428 1956 cito
1467 1913 1787 1970 opprimuntur:
1834 1913 2080 1958 Macrianus

601 1970 776 2027 quidem
807 1984 946 2028 usque
985 1971 1032 2015 in
1062 1971 1287 2029 Illyricum
1317 1984 1604 2029 progressus,
1641 1973 1807 2030 proelio
1845 1972 2080 2016 commisso

601 2030 655 2074 ab
676 2029 865 2074 Aureolo
896 2031 1165 2088 opprimitur.
1218 2031 1390 2075 Interea
1412 2027 1731 2075 Ommrrnus
1762 2030 1870 2085 (14),
1902 2032 2079 2076 decurio

599 2089 910 2147 Palmyrenus,
950 2090 1067 2134 domi
1097 2103 1202 2136 suae
1239 2091 1561 2144 nobilissimus,
1598 2091 1955 2148 Mesopotamiam
1987 2091 2079 2135 suis

598 2148 696 2205 ipse
727 2149 936 2206 auspiciis
967 2166 996 2192 a
1025 2150 1168 2193 Persis
1200 2151 1369 2204 liberat,
1401 2152 1447 2194 et
1475 2150 1605 2194 victis
1635 2151 1682 2194 in
1713 2150 1844 2207 Syria
1872 2150 2081 2194 Macriani

599 2208 819 2264 partibus,
859 2222 898 2252 a.
930 2207 1018 2252 264
1059 2223 1085 2252 a
1116 2208 1316 2253 Gallieno
1353 2210 1400 2253 in
1437 2211 1759 2255 consortionem
1796 2210 1968 2267 imperii
2005 2222 2081 2254 no-

598 2267 814 2324 minisque
843 2267 1036 2325 Augusti
1065 2269 1312 2313 assumitur.

297 2326 415 2372 1015
462 2327 520 2373 10
562 2326 672 2384 Imp.
707 2325 906 2372 Gallieno
937 2327 978 2372 V
1017 2330 1061 2371 et
1098 2327 1310 2373 Faustino
1350 2340 1440 2378 cos,
1478 2328 1699 2372 Gothorum
1730 2330 1931 2378 catervae
1962 2328 2080 2373 navi-

599 2386 682 2430 bus
714 2387 880 2430 coactis
911 2399 990 2444 per
1009 2386 1161 2431 Asiam
1190 2388 1416 2444 ipsamque
1440 2387 1667 2432 Graeciam
1690 2387 1938 2444 populando
1959 2400 2081 2444 gras-

513 2459 516 2464 ·
599 2448 751 2489 santur
781 2445 1130 2502 (Trapezuntem,
1165 2445 1497 2500 Chalcedonem,
1526 2446 1840 2500 Nicomediam,
1871 2446 2079 2491 Nicaeam

598 2504 835 2561 improviso
867 2505 1008 2549 adorti
1037 2505 1216 2562 capiunt
1246 2518 1296 2549 ac
1328 2504 1578 2563 diripiunt).

295 2563 409 2608 1016
459 2563 510 2608 11
561 2564 662 2608 Cos.
683 2562 870 2607 Albinus
900 2563 944 2607 11
974 2566 1020 2607 et
1049 2564 1263 2608 Maximus
1295 2564 1492 2616 Dexter.)
1549 2563 1775 2610 Gallienus
1798 2564 1981 2609 Romam
2012 2578 2078 2609 re·

599 2635 752 2667 versus
783 2625 885 2667 vota
914 2622 1169 2667 decennalia
1197 2624 1343 2668 solvit.

295 2680 408 2726 1017
459 2681 512 2726 12
561 2681 662 2727 Cos.
694 2681 801 2739 Imp.
837 2681 1062 2727 Gallienus
1093 2682 1170 2737 VI,
1200 2682 1401 2727 Amulius
1433 2681 1709 2728 Saturninus.

294 2739 410 2786 1018
458 2740 513 2787 13
562 2741 664 2786 Cos.
693 2740 864 2785 Licinio
897 2740 1152 2796 Valeriano,
1185 2741 1407 2787 Valeriani
1436 2740 1549 2800 Aug.
1580 2740 1694 2794 mio,
1737 2740 1781 2785 11
1812 2743 1857 2785 et
1886 2739 1935 2785 L.
1970 2740 2077 2785 Cae-

599 2800 724 2844 sonio
745 2799 916 2844 Lucillo
946 2800 1091 2845 Macro
1123 2800 1354 2846 Rufiniano
1385 2801 1432 2845 in
1464 2799 1609 2846 Gallia
1627 2801 1855 2854 Postumus,
1890 2801 2075 2857 septimo

597 2858 770 2916 imperii
799 2871 926 2929 anno,
957 2859 1172 2905 seditione
1195 2860 1380 2905 militum
1402 2872 1580 2905 suorum
1609 2861 1737 2917 perit,
1770 2872 1909 2917 neque
1930 2863 2076 2929 tamen

598 2930 701 3021 ⁶22⁹.
729 2918 2075 3036 {33¹²{3503}2⁰¹3ffizz'ssssl'zzsssstusssssstff‘2efflui?

635 3035 707 3080 oll.
725 3036 766 3081 5.
785 3036 825 3081 6.
842 3037 884 3081 4.
902 3036 943 3080 7.
966 3036 1037 3082 30.
1085 3037 1272 3096 Superat
1292 3038 1347 3082 ad
1363 3041 1604 3082 extremum
1618 3037 1804 3081 Ten-icus
1820 3035 1935 3091 (23.)
1950 3036 2075 3091 (24).

294 3096 407 3141 1019
457 3095 511 3140 14
559 3094 659 3139 Cos.
690 3094 799 3153 Imp.
834 3095 1059 3141 Gallienus
1092 3097 1177 3142 VII
1207 3100 1252 3142 et
1283 3096 1536 3142 sabinillus.

297 3155 412 3201 1020
459 3154 514 3200 15
561 3153 663 3199 Cos.
692 3153 880 3200 Paterno
920 3158 965 3200 et
993 3155 1219 3201 Arcesilao
1250 3169 1350 3201 cum
1381 3155 1631 3201 Odenathus
1671 3168 1698 3198 a
1726 3155 1920 3199 Maeonio
1951 3154 2075 3208 (16),

598 3213 858 3259 consobrino
890 3226 992 3268 suo,
1023 3218 1203 3260 necatus
1235 3218 1369 3269 esset,
1399 3215 1615 3270 Zenobia,
1646 3215 1741 3258 eius
1774 3227 1903 3268 uxor,
1936 3219 1980 3258 et
2010 3227 2075 3258 re-

596 3271 756 3316 bellem
801 3274 1006 3331 opprimit
1051 3277 1095 3318 et
1140 3274 1311 3332 imperii
1357 3275 1426 3320 ius
1469 3275 1567 3333 ipsa
1643 3273 1847 3318 rudenter
1893 3273 2073 3317 obtinet.

594 3330 740 3376 Etiam
769 3332 973 3377 Aureolus
1002 3330 1135 3387 (10),
1174 3334 1249 3391 qui
1290 3332 1489 3379 Gallieno
1528 3333 1613 3378 fide
1632 3347 1700 3378 em
1738 3345 1912 3389 operam
1952 3346 2074 3390 prae·

602 3390 787 3445 stiterat,
816 3391 859 3437 h„
891 3406 930 3436 a.
960 3392 1007 3436 in
1038 3392 1192 3437 Raetia
1221 3406 1453 3450 purpuram
1486 3393 1639 3446 sumit3
1673 3392 1751 3436 sed
1781 3405 1879 3436 eum
1913 3391 2075 3436 Gallie·

598 3462 723 3553 ngs’d
742 3451 942 3496 omnibus
982 3451 1120 3508 copiis
1159 3452 1253 3497 suis
1292 3453 1551 3507 contractis,
1592 3452 1730 3496 vincit
1760 3464 1810 3495 ac
1842 3451 2075 3496 Mediolani

598 3521 623 3552 o
655 3510 693 3553 si
725 3512 780 3554 et.
