2392 4016
611 297 663 336 ab
696 309 802 336 anno
834 309 873 346 p.
893 295 988 336 Chr.
1021 299 1103 337 471
1139 310 1268 348 usque
1298 300 1353 338 ad
1381 310 1533 339 annum
1555 300 1657 341 4⁹8.
2019 300 2109 346 208

166 444 257 487 p.0.
317 452 399 477 mc.
458 443 546 484 imp.

622 486 729 530 titur
763 487 947 539 Orestes,
978 488 1189 544 magister
1219 487 1428 532 militum:
1459 487 1539 532 sed
1569 488 1640 532 hic
1671 488 1716 532 in
1747 489 1903 533 itinere
1934 490 1989 533 ab
2028 490 2108 534 im·

620 548 820 602 peratore
841 545 1002 598 deficit,
1033 545 1286 590 Ravennam
1316 558 1417 590 cum
1445 545 1607 590 infesto
1638 548 1836 592 exercitu
1865 547 2109 605 proficisci·

624 606 710 656 tur,
740 604 956 661 Nepotem
986 605 1075 648 cito
1106 606 1152 648 in
1173 605 1435 650 Dalmatiam
1454 605 1596 649 redire
1617 606 1738 662 cogit
1767 607 1979 663 (August.
2002 606 2108 660 28),

621 661 717 715 (ubi
746 676 885 720 usque
916 663 972 707 ad
1002 677 1040 707 a.
1061 663 1152 708 480
1180 665 1422 720 precariam
1452 663 1669 720 quandam
1698 668 1962 721 potestatem
1995 666 2108 709 obti-

623 721 745 775 net,)
785 726 831 766 et
859 722 989 779 paulo
1017 726 1120 780 post
1159 722 1256 774 (29.
1278 722 1399 774 Oct.)
1438 722 1495 767 ad
1526 735 1654 767 suum
1682 723 1779 780 ipse
1811 722 1971 776 fllium,
2004 724 2108 767 Ro-

622 781 873 824 MULUM
892 780 1359 834 AUGUSTULUM,
1399 781 1738 837 pulcherrimum
1770 781 2107 836 adolescentem,

625 841 813 884 militum
844 839 1054 895 suffragio
1087 852 1299 883 summam
1331 839 1590 895 dignitatem
1620 838 1773 883 defert.

166 902 255 945 476
321 900 434 945 1229
590 898 695 943 Cos.
724 898 793 942 ΕΙ.
822 898 1068 942 Basiliscus
1099 897 1143 941 ΙΙ
1174 900 1219 941 et
1247 898 1513 951 Harmatius,
1545 901 1727 955 uterque
1758 898 1944 951 Orient.)
2005 899 2111 943 Bar·

468 957 527 1018 ’Ξ
624 957 722 1001 bari
749 956 975 1009 foederati,
1006 969 1190 1012 quorum
1222 957 1354 1000 armis
1375 958 1537 1001 misera
1567 961 1611 1001 et
1631 956 1796 1001 afflicta
1825 970 1939 1015 resp.
1971 962 2109 1002 totam

627 1029 675 1060 se
707 1016 1007 1068 commiserat,
1041 1015 1195 1069 Gothi,
1226 1015 1395 1070 Heruli,
1423 1016 1568 1069 Alani,
1600 1016 1744 1073 Scyri,
1777 1016 1923 1073 Rugii,
1956 1017 2109 1061 Turci·

621 1075 753 1132 lingi,
782 1074 1038 1117 tumultuari
1066 1075 1283 1131 incipiunt
1312 1078 1357 1119 et
1387 1087 1592 1132 agrorum
1622 1088 1700 1132 per
1731 1075 1902 1119 Italiam
1933 1077 2108 1119 tertiam

623 1137 792 1191 partem
822 1134 1060 1190 postulant.
1123 1133 1289 1186 Quibus
1322 1147 1422 1178 cum
1453 1135 1638 1191 obsequi
1668 1134 1884 1178 noluisset
1914 1135 2109 1188 Orestes,

620 1194 711 1250 ipsi
740 1192 896 1236 ducem
927 1193 1013 1236 sibi
1053 1196 1205 1237 creant
1241 1193 1470 1236 odoacrum
1509 1193 1612 1249 (qui
1643 1193 1813 1249 Rugius
1853 1197 1928 1236 aut
1954 1194 2113 1238 Turci·

622 1253 772 1309 lingus
803 1252 940 1296 fuisse
971 1251 1174 1305 traditur)
1207 1255 1251 1294 et
1281 1252 1445 1296 bellum
1464 1254 1654 1295 movent.
1708 1251 1885 1295 Orestes
1909 1252 2112 1295 Ticinum

625 1312 744 1364 (sive
764 1309 968 1368 Papiam)
1001 1311 1213 1367 confugit,
1246 1311 1325 1355 sed
1345 1311 1451 1355 urbe
1474 1312 1518 1354 vi
1539 1315 1668 1367 capta
1697 1309 1836 1367 (Aug.
1859 1310 1949 1362 28.)
1982 1313 2113 1354 inter·

622 1369 782 1414 ficitur.
831 1370 984 1427 Neque
1014 1370 1226 1414 Romulus
1258 1383 1306 1413 se
1328 1370 1562 1414 Ravennae
1593 1369 1826 1413 defendere
1858 1369 2001 1422 audet,
2036 1370 2114 1413 sed

624 1429 825 1473 abdicata
870 1432 1089 1486 potestate
1126 1430 1173 1472 in
1212 1429 1523 1482 Lucullanum,
1565 1428 1829 1485 Campaniae
1869 1429 2111 1481 castellum,

623 1489 857 1544 relegatur.
935 1488 1133 1532 Odoacer
1175 1489 1298 1543 regio
1345 1489 1542 1540 nomine,
1591 1501 1617 1530 a
1657 1487 1852 1530 barbaris
1900 1488 2112 1531 militibus

625 1546 724 1599 (23.
745 1546 881 1603 Aug.)
912 1548 998 1591 sibi
1032 1547 1198 1600 oblato,
1238 1548 1375 1590 utitur
1411 1546 1588 1602 quidem
1616 1546 1733 1589 inter
1762 1546 1885 1598 illos,
1918 1546 1998 1589 sed
2029 1546 2114 1589 Ro-

623 1618 851 1649 manorum
881 1606 928 1649 id
958 1606 1073 1649 vitae
1104 1606 1281 1648 minime
1303 1608 1452 1661 aptum
1479 1608 1615 1658 ratus,
1646 1618 1726 1660 per
1755 1608 1955 1647 senatum
1986 1618 2013 1647 a
2033 1605 2113 1648 Ze·

622 1677 736 1708 none
751 1665 1014 1720 imperatore
1033 1665 1313 1721 patriciatum
1333 1668 1378 1708 et
1392 1664 1711 1720 praefecturam
1726 1663 1943 1707 dioecesis
1962 1663 2114 1707 Italiae

624 1723 797 1780 accipit.
858 1724 1010 1780 Itaque
1049 1725 1176 1780 quasi
1214 1723 1357 1766 latens
1398 1723 1480 1766 sub
1520 1723 1778 1766 auctoritate
1817 1723 1989 1778 imperii
2030 1722 2116 1766 Ro·

622 1783 740 1826 mani
769 1783 915 1826 omnia
947 1795 1026 1826 suo
1059 1783 1236 1825 arbitrio
1268 1782 1395 1839 gerit.

685 2016 904 2074 Quidquid
933 2017 979 2060 in
1012 2015 1163 2060 Gallia
1192 2018 1237 2059 et
1266 2015 1481 2071 HispanIa
1520 2016 1692 2072 imperii
1722 2015 1909 2062 Romani
1939 2016 2008 2059 ius
2041 2027 2114 2059 co·

627 2076 788 2129 luerat,
829 2077 875 2119 in
906 2075 1124 2119 dicionem
1153 2075 1434 2118 barbarorum
1469 2074 1600 2131 paulo
1638 2078 1740 2131 post
1769 2075 1940 2117 transit.
2002 2074 2115 2117 Nam

626 2135 958 2192 visigothorum
978 2135 1075 2191 regi
1094 2133 1269 2186 Eurico‚
1291 2134 1367 2190 qui
1386 2133 1517 2186 idem,
1548 2132 1902 2189 Caesaraugusta
1921 2136 1966 2176 et
1986 2132 2111 2176 Pam·

626 2194 784 2251 pelone
833 2195 1120 2249 expugnatis,
1169 2194 1377 2237 maiorem
1421 2195 1590 2249 partem
1636 2191 1876 2248 Hispaniae
1921 2192 2112 2244 tenebat,

628 2252 840 2306 Odoacer,
869 2265 979 2308 pace
1010 2254 1267 2309 composita,
1295 2253 1546 2307 provinciam
1578 2251 1734 2295 cessit:
1775 2250 2113 2307 Burgundiones

620 2311 919 2355 Viennensem
950 2314 995 2355 et
1023 2311 1365 2368 Lugdunensem
1393 2311 1577 2367 primam
1609 2313 1654 2353 et
1683 2310 1917 2353 Maximam
1949 2309 2115 2366 Sequa·

627 2383 783 2414 norum
815 2373 1156 2427 occupaverant:
1196 2370 1314 2427 quod
1343 2371 1390 2413 in
1419 2369 1562 2412 medio
1595 2372 1842 2425 supererat,
1882 2381 1995 2411 anno
2026 2367 2114 2411 486

631 2429 927 2483 Chlodovaewx,
978 2443 1059 2473 rex
1104 2430 1394 2481 Francorum,
1443 2428 1632 2484 Syagrio
1678 2427 1793 2484 apud
1833 2428 2119 2483 municipium

630 2487 920 2533 Suessionum
965 2489 1107 2540 victo,
1154 2489 1201 2531 in
1248 2500 1372 2531 suam
1409 2489 1672 2543 potestatem
1710 2485 1892 2542 redegit.
1971 2485 2118 2542 Ipsius

629 2546 818 2590 Odoacri
855 2560 1041 2604 regnum
1079 2547 1281 2590 Italicum
1319 2558 1407 2589 non
1439 2545 1690 2588 diuturnum
1720 2544 1823 2597 fuit3
1866 2558 1967 2588 nam
1997 2556 2112 2588 anno

626 2604 716 2650 489
755 2605 1119 2663 ostrogothorum
1155 2618 1256 2658 rex,
1294 2605 1567 2647 Theodericus
1596 2604 1790 2656 Amatae,
1829 2607 2007 2647 auctore
2039 2603 2119 2646 Ze-

628 2677 743 2708 none
771 2665 1046 2721 imperatore,
1078 2678 1134 2708 ex
1154 2664 1381 2708 Pannonia
1410 2662 1631 2720 profectus
1662 2663 1709 2706 in
1739 2662 1910 2706 Italiam
1941 2662 2117 2714 invasit,

172 2721 260 2766 493
326 2722 440 2767 1246
629 2723 875 2768 Odoacrum
913 2726 1119 2780 quattuor
1157 2723 1282 2767 annis
1328 2724 1431 2779 post
1470 2721 1705 2765 Ravennae
1743 2725 1920 2778 captum
1966 2726 2120 2764 contra

630 2781 761 2825 fidem
791 2782 974 2836 occidit,
1006 2795 1252 2839 novumque
1282 2793 1466 2838 regnum
1497 2779 1693 2824 condidit
1723 2779 1883 2824 finibus
1915 2780 2119 2837 amplum,

635 2840 820 2885 discidio
851 2845 1046 2886 veterum
1078 2844 1122 2885 et
1151 2853 1360 2885 novorum
1392 2840 1552 2884 civium
1582 2839 1738 2883 debile.

807 3670 967 3703 Berolinl
1011 3669 1108 3712 typis
1134 3670 1177 3700 Α.
1195 3669 1252 3700 W.
1277 3667 1464 3700 soh-do.
