2392 4016
381 206 465 250 144
947 237 949 239 .
1150 202 1329 243 Annales
1360 203 1529 243 Romani

442 352 481 384 C.
542 360 620 383 u..c
676 351 764 390 imp.

396 363 469 442 lt'36
529 396 615 440 789
681 394 737 439 23
799 392 901 441 Cos.
941 394 1044 438 Sex.
1086 394 1294 451 Papinius
1337 393 1584 447 Gallienus,
1624 393 1673 447 Q.
1713 394 1932 437 Plautius.
1975 393 2078 437 Tac.
2115 392 2225 437 Ann.
2267 393 2308 447 6,

833 453 960 497 40-
906 453 1063 507 —45.)
1122 453 1392 510 Mithridates
1423 452 1654 506 Armeniis,
1695 453 1932 509 Tiridates,
1943 453 2120 495 Romae
2153 453 2307 496 educa-

681 519 731 553 tr.
833 520 918 566 tus,
949 513 1122 556 Parthis
1154 526 1233 556 rex
1263 513 1513 568 imponitur,
1545 486 1665 555 felic'i
1694 512 1833 564 initio,
1867 511 1945 555 sed
1978 512 2077 555 odio
2109 515 2309 555 externo-

659 578 746 623 pot.
836 585 931 615 rum
964 584 1130 614 morum
1167 571 1295 614 facile
1340 571 1392 614 ab
1424 570 1644 615 Artabano
1687 571 1909 627 expulsus.
1974 569 2131 623 Clitae,
2178 571 2310 613 Tauri

652 628 732 673 f38
836 630 1025 682 accolae,
1057 644 1082 672 a
1104 630 1153 673 L.
1177 630 1354 673 Vitellio
1386 629 1551 673 domiti.
1597 629 1760 672 Romae
1792 630 2093 673 accusationes
2126 633 2169 672 et
2201 642 2310 672 mor-

835 693 901 733 tes
924 690 1209 742 celebrantur,
1242 689 1630 732 Aventinus-mons
1658 689 1859 731 incendio
1883 689 2063 741 deletur,
2097 689 2173 731 sed
2194 690 2310 744 prin-

837 748 981 804 cipis-
995 748 1255 792 liberalitate
1300 760 1609 804 possessores!
1627 741 1827 790 domuum
1868 747 2134 790 reficiuntur.
2208 748 2311 790 Urbi

836 807 1084 863 praeficitur
1114 807 1163 850 L.
1196 807 1313 850 Piso.
1384 807 1566 850 Pontius
1598 807 1786 859 Pilatus,
1826 806 2011 849 Iudaeae
2042 811 2309 863 procurator,

836 866 1081 935 puniendus
1103 861 1514 920 Romam-mittitur,
1544 864 1590 911 in
1622 866 1885 921 exiliumque
1917 867 2077 909 missus
2110 878 2222 908 anno
2251 865 2311 908 40

835 926 921 969 sibi
949 927 1044 981 ipse
1076 939 1249 968 manum
1281 925 1479 969 affert..

413 987 468 1031 37
533 985 621 1029 790
682 985 738 1028 24
801 983 849 1026 C.
873 984 1110 1027 Acerronio
1131 984 1330 1037 Proculo,
1364 983 1412 1027 C.
1434 979 1638 1026 Petronio
1660 983 1817 1026 Pontio
1848 983 2031 1039 Nigrino
2065 995 2153 1026 cos.
2188 983 2310 1033 (Tac.

836 1042 949 1084 Ann.
983 1042 1024 1095 6,
1054 1041 1276 1085 45-fin,
1309 1042 1425 1093 libri)
1459 1051 1563 1084 XVU
1599 1041 1690 1084 Cal.
1722 1042 1858 1098 April.
1896 1043 1938 1084 Τ
1934 1045 2098 1095 zberzus
2140 1041 2209 1085 78.
2244 1055 2311 1084 ae-

799 1102 943 1162 tatis
985 1113 1121 1153 anno,
1162 1101 1276 1156 apud
1314 1101 1665 1168 promontorium
1684 1100 1898 1144 Misenum
1935 1102 1981 1144 in
2020 1101 2124 1144 villa
2154 1101 2312 1143 Lucul-

805 1165 813 1214 l
837 1161 936 1210 lana
964 1161 1154 1212 moritur,
1195 1163 1338 1214 neque
1342 1159 1515 1202 aberat
1546 1158 1761 1214 suspici0‚
1800 1159 1893 1202 eius
1933 1163 2115 1203 mortem
2146 1174 2171 1203 a
2203 1159 2312 1203 Gaio

810 1207 1026 1270 Caesare
1057 1221 1102 1261 et
1130 1219 1330 1262 Macrone
1362 1231 1460 1262 esse
1491 1218 1789 1260 acceleratam.

784 1278 973 1321 GAIUS
999 1278 1238 1320 CAESAR
1265 1277 1460 1332 Caliqula
1480 1276 1650 1333 ingenti
1669 1265 1891 1321 hominum
1913 1276 2070 1333 gaudio
2103 1280 2313 1333 exceptus

686 1344 736 1377 tr
839 1338 967 1394 plane
1002 1337 1219 1380 diversum
1252 1351 1277 1379 a
1309 1337 1404 1379 Tib.
1436 1336 1661 1392 ingenium
1694 1335 1904 1379 ostendit:
1938 1337 2088 1379 exules
2121 1338 2312 1380 cuiusvis

663 1402 751 1448 pot·
846 1397 1018 1453 generis
1040 1398 1323 1439 revocantur:
1354 1396 1642 1451 restituuntur
1668 1408 1795 1451 reges
1816 1394 2042 1452 Agrippa
2029 1409 2075 1438 m
2097 1395 2313 1448 Iudaeam,

701 1459 719 1495 1
841 1456 1082 1499 Antiochus
1099 1456 1144 1498 in
1164 1455 1504 1511 Commagenen:
1527 1453 1704 1498 comitia
1718 1454 1879 1510 populo
1894 1454 2147 1506 redduntur,
2165 1456 2316 1510 quinta

839 1515 1033 1559 iudicum
1065 1515 1240 1557 decuria
1270 1514 1460 1557 additur:
1501 1514 1593 1556 ludi
1623 1513 1911 1566 celebrantur,
1942 1515 2153 1556 aerarium
2185 1514 2315 1557 dona-

839 1575 1032 1617 tionibus
1065 1574 1328 1626 exhauritur,
1360 1576 1449 1615 tam
1479 1573 1656 1628 profusa
1686 1572 1961 1625 liberalitate,
1994 1576 2042 1615 ut
2068 1573 2269 1616 relictum
2291 1587 2316 1615 a

842 1634 1016 1676 Tiberio
1049 1633 1184 1676 vicies
1218 1633 1380 1688 septies
1411 1632 1570 1674 millies
1601 1631 1676 1674 Hs
1708 1644 1793 1674 uno
1826 1645 1938 1674 anno
1969 1635 2131 1687 pereat.
2204 1631 2315 1675 Con-

175 1695 187 1714 *
372 1693 498 1738 ³²·“21‘3'f'2‘
844 1693 1032 1736 sulatum
1065 1705 1120 1734 ex
1152 1691 1243 1734 Gal.
1276 1692 1355 1734 Iul.
1394 1704 1472 1748 per
1511 1690 1618 1734 duos
1660 1703 1833 1734 menses
1866 1692 1978 1747 gerit
2009 1704 2107 1733 cum
2143 1691 2315 1734 Claudio

229 1748 235 1756 ’
431 1769 452 1808 7
462 1780 478 1808 μ
824 1753 1015 1806 -patruo,
1057 1751 1111 1792 ad
1140 1750 1187 1792 id
1214 1753 1386 1806 tempus
1423 1753 1600 1806 propter
1636 1749 1978 1792 imbecillitatem
2016 1751 2174 1793 mentis
2215 1763 2315 1793 con-

364 1822 374 1834 ¹
399 1818 406 1840 ³
427 1811 436 1824 ”
456 1808 501 1846 ἔτι
541 1813 550 1819 ‘
575 1811 586 1851 ⁷1
840 1812 1018 1865 tempto.
1081 1809 1169 1857 Sed
1201 1810 1286 1852 cito
1325 1810 1432 1852 haec
1462 1811 1708 1853 vertuntur:
1745 1809 1894 1852 morbo
1941 1812 2162 1864 correptus
2195 1823 2315 1852 reva-

839 1869 979 1911 luerat
1010 1868 1184 1924 quidem
1216 1880 1410 1923 corpore,
1443 1868 1521 1915 sed
1551 1868 1708 1912 mentis
1740 1868 1854 1910 vires
1888 1868 2068 1910 affectae
2099 1869 2312 1911 videntur.

806 1938 811 1942 ·
838 1928 1164 1971 Liberalitatem
1194 1928 1366 1980 retinet,
1399 1927 1478 1970 sed
1507 1927 1676 1972 accedit
1705 1926 1953 1980 crudelitas,
1985 1940 2070 1982 qua
2092 1927 2315 1970 Tiberium

839 1987 1015 2030 fratrem
1047 1987 1308 2042 patruelem,
1349 1987 1450 2034 item
1483 1986 1541 2028 M.·
1569 1986 1779 2038 Silanum,
1811 1985 1914 2029 olim
1946 1999 2145 2029 socerum
2176 1999 2315 2039 suum,

845 2047 919 2102 qui
950 2059 1028 2089 sex
1060 2059 1196 2088 annos
1218 2045 1391 2088 Africae
1421 2045 1655 2102 proconsul
1685 2045 1839 2098 fuerat,
1872 2045 2053 2098 occidit:
2087 2058 2316 2088 successor

844 2107 886 2148 ei
914 2106 1100 2148 mittitur
1122 2105 1170 2148 L.
1192 2106 1309 2157 Piso,
1343 2105 1421 2148 sed
1450 2105 1495 2147 in
1516 2103 1708 2147 Africam
1728 2107 1916 2157 tantum:
1951 2118 2049 2147 nam
2070 2105 2316 2147 Numidiam

842 2178 939 2208 cum
971 2165 1142 2220 legione
1175 2139 1334 2219 accipit
1364 2153 1783 2219 legatus-Caesaris.

907 2223 1034 2276 Nero,
1066 2226 1219 2279 postea
1248 2224 1494 2278 imperator,
1527 2222 1648 2265 Antii
1679 2222 1872 2265 nascitur
1903 2231 2030 2263 xvm
2063 2221 2156 2265 Gal.
2187 2222 2277 2266 Ian.

416 2280 474 2324 38
536 2280 619 2324 791
699 2279 725 2322 2
804 2280 904 2325 Cos.
936 2283 991 2324 M.
1023 2282 1240 2337 Aquillius
1282 2282 1495 2334 Iulianus,
1542 2281 1590 2324 Ρ
1623 2275 1791 2323 Nonius
1823 2279 2083 2336 Asprenas.)
2153 2281 2316 2325 Effusis

844 2354 922 2397 per
959 2341 1085 2383 ludos
1127 2343 1170 2383 et
1208 2341 1357 2396 epulas
1391 2341 1575 2392 divitiis,
1615 2341 1891 2395 quaestiones
1932 2340 2165 2382 crudeliter
2196 2354 2317 2383 exer-

845 2403 1017 2452 centur,
1057 2401 1201 2443 Macro
1229 2399 1296 2442 ad
1326 2402 1509 2442 mortem
1551 2399 1750 2455 adigitur.
1820 2398 1984 2454 Aperta
2013 2399 2222 2455 principis
2253 2400 2317 2442 in-

844 2460 966 2502 sania
997 2460 1205 2515 erumpit,
1246 2461 1478 2514 postquam
1508 2459 1722 2510 Drusilla,
1765 2458 1859 2500 eius
1893 2470 2037 2509 soror,
2078 2471 2207 2513 quam
2238 2471 2316 2514 pro

844 2531 978 2562 uxore
1009 2519 1230 2570 habuerat,
1262 2531 1410 2560 mense
1443 2518 1554 2560 Iulio
1587 2517 1796 2560 decessit:
1834 2516 1981 2559 dolore
2013 2517 2194 2560 insanus
2227 2518 2315 2560 oris

843 2577 996 2620 Italiae
1030 2578 1214 2630 oberrat,
1253 2577 1466 2620 coelestes
1499 2577 1539 2619 ei
1568 2576 1804 2632 religiones
1834 2576 2038 2628 instituit,
2069 2576 2184 2618 idem
2214 2590 2316 2619 vero

846 2649 947 2679 mox
977 2636 1178 2689 Lolliam,
1210 2636 1470 2679 ditissimam
1500 2635 1741 2688 mulierem,
1773 2634 1893 2687 ducit
1923 2637 1967 2676 et
1998 2636 2084 2677 cito
2117 2635 2316 2678 dimittit:

845 2696 1065 2750 aliquanto
1098 2696 1260 2738 diutius
1291 2695 1337 2738 in
1369 2707 1512 2738 amore
1546 2694 1798 2746 Caesoniae‚
1831 2707 1886 2736 ex
1914 2706 1998 2749 qua
2026 2693 2159 2736 filiam
2181 2695 2318 2736 susci-

843 2755 932 2810 pit,
974 2755 1226 2810 acquiescit.
1302 2755 1432 2796 Pater
1466 2755 1629 2808 patriae
1675 2753 1928 2809 appellatur.
1998 2753 2317 2796 Praefecturam

846 2814 962 2856 urbis
996 2814 1157 2869 accipit
1188 2813 1453 2869 Sanquinius
1475 2813 1704 2855 Maximus.
1746 2811 1929 2855 Avidius
1951 2811 2150 2864 Flaccus,
2181 2812 2315 2867 praef.

843 2871 1058 2928 Aegypti,
1104 2885 1203 2915 cum
1234 2873 1418 2916 Iudaeos
1448 2871 1766 2923 Alexandrinos
1804 2873 2004 2923 vexaret,
2043 2870 2216 2927 legatus
2250 2871 2318 2913 Iu-

844 2931 1069 2983 daeorum,
1108 2932 1252 2984 Philo,
1291 2932 1474 2974 Romam
1513 2931 1567 2973 ad
1608 2921 1837 2974 Gaesarem
1876 2930 2073 2972 mittitur.
2141 2930 2316 2972 Flavius

846 2990 1158 3046 VespasianuS,
1200 2993 1356 3045 postea
1385 2991 1504 3045 imp„
1542 2992 1647 3032 tunc
1679 2989 1848 3041 aedilis,
1888 2989 2200 3031 contumeliose
2231 2991 2316 3031 tra-

845 3052 986 3092 ctatus
1019 3062 1048 3091 a
1077 3047 1198 3092 Gaio.

420 3107 478 3151 39
542 3105 628 3150 792
703 3105 731 3149 3
815 3107 916 3151 Cos.
950 3107 998 3151 O.
1031 3106 1192 3151 Caesar
1222 3107 1279 3158 ΙΙ,
1310 3106 1395 3163 (pr.
1430 3106 1520 3150 Gal.
1542 3106 1670 3149 Febr.
1703 3105 1967 3160 Sanquinius
1998 3105 2211 3147 Maximus
2243 3104 2317 3158 ΙΙ),

846 3167 896 3210 L.
925 3165 1158 3222 Apronius,
1198 3166 1295 3209 suff.
1330 3165 1407 3209 Gn.
1440 3163 1656 3208 Domitius
1689 3164 1877 3207 Corbulo
1917 3166 1960 3206 et
1992 3163 2069 3206 Gn.
2103 3164 2316 3206 Domitius

847 3225 964 3278 Afer,
998 3226 1072 3268 ille
1103 3226 1168 3268 rei
1187 3225 1386 3268 militaris
1407 3225 1577 3280 peritia,
1608 3225 1678 3267 hic
1701 3223 1946 3278 eloquentia
1967 3221 2142 3275 clarus.)
2183 3222 2316 3265 Gaius

849 3284 1011 3327 Caesar
1028 3285 1268 3353 pecuniam
1290 3283 1495 3328 caedibus
1519 3286 1563 3326 et
1583 3282 1967 3326 confiscationibus
1987 3281 2167 3324 divitum
2189 3294 2317 3337 quae·

851 3344 993 3396 sitam,
1025 3344 1192 3387 insanis
1222 3343 1518 3386 molitionibus
1549 3345 1592 3386 et
1612 3342 1726 3384 ludis
1749 3340 2092 3398 sanguinolentis
2116 3340 2315 3383 effundit:

848 3405 1025 3458 pontem
1057 3403 1252 3445 navalem
1291 3403 1338 3445 in
1378 3403 1477 3445 sinu
1506 3402 1671 3444 Baiano
1702 3401 1815 3443 inter
1845 3399 2050 3443 Puteolos
2083 3402 2126 3442 et
2155 3399 2315 3442 Baulos

802 3476 813 3514 ‚z
846 3461 973 3513 facit,
1011 3461 1192 3504 Xerxen
1231 3463 1531 3517 superaturus,
1575 3463 1619 3515 et
1656 3459 1807 3502 eodem
1843 3461 2110 3515 spectatores
2153 3458 2315 3500 accitos

805 3531 807 3534 ·
849 3494 1014 3563 deiicit:
1054 3520 1254 3563 bellicam
1291 3520 1463 3563 laudem
1499 3520 1730 3562 meriturus
1769 3518 1823 3560 ad
1857 3517 2057 3561 German.
2098 3516 2315 3559 exercitus

847 3578 1139 3643 proficiscitur
1170 3581 1215 3623 et
1242 3579 1347 3624 belli
1383 3579 1519 3623 multa
1555 3578 1742 3622 ludibria
1771 3576 1872 3620 edit.
1941 3575 2113 3619 Interea
2141 3578 2317 3634 propter
