2392 4016
158 394 190 419 a.
208 384 292 420 Ohr.
359 394 394 419 ιι.
410 394 442 420 ο.

602 239 655 279 ab
687 251 793 280 anno
824 252 861 280 a.
884 238 979 281 chr.
1015 242 1096 283 142
1129 251 1255 292 neque
1285 241 1339 282 ad
1369 255 1520 283 annum
1553 244 1651 284 184.
2032 242 2091 292 99

540 432 735 476 ‘eusatus
766 433 911 475 tamen
940 435 1119 490 propter
1137 433 1288 491 populi
1308 434 1494 490 gratiam
1514 434 1764 478 absolvitur.
1812 434 1901 480 Sed
1923 448 1977 480 ne
1997 448 2089 481 cos.

551 488 725 545 quidem
742 490 976 547 quidquam
994 491 1274 536 memorabile
1289 492 1396 549 agit.
1420 491 1471 536 In
1492 492 1695 537 ulteriore
1712 494 1836 551 Hisp.
1860 493 1910 547 Q.
1929 494 2091 553 Caepio

549 548 758 605 reliquias
789 549 894 594 belli
917 550 1144 610 Viriathici
1172 551 1462 608 persequitur.
1531 551 1582 595 In
1614 551 1767 595 Sicilia
1797 553 1845 596 P.
1879 553 2090 611 Popillius

553 619 618 664 pr.
650 620 875 712 aegrorum
913 612 1058 655 motus
1096 612 1290 663 coercet,
1329 610 1487 667 quibus
1527 610 1582 654 ab
1611 610 1693 654 hoc
1724 615 1917 669 tempore
1949 613 2093 657 insula

549 668 700 722 pertur
730 671 840 712 atur.

611 725 776 772 Romae
805 727 899 770 Lex
933 725 1116 770 Gabinia
1145 727 1385 781 tabellaria,
1416 727 1535 785 plebi
1565 728 1830 785 gratissima,
1862 728 2090 786 perfertur,

552 787 601 828 ut
631 785 677 828 in
708 799 751 829 m
812 785 1035 830 ‘stratibus
1066 786 1266 831 creandis
1297 799 1384 831 non
1416 800 1537 840 voce,
1569 786 1649 831 sed
1679 787 1852 831 tabellis
1884 788 2094 847 suffragia

552 843 722 888 dentur.
753 799 981 889 a(gixaldstei
1009 857 1036 887 a
1067 843 1116 888 Ο.
1140 844 1343 890 Cornelio
1372 846 1574 904 Hispallo
1602 859 1667 904 pr.
1698 859 1870 904 peregr.
1901 860 1957 892 ex
1988 849 2093 892 urbe

549 902 770 959 pelluntur
801 903 923 956 (Val.
955 903 1068 947 Max.
1104 905 1144 957 1,
1175 904 1218 959 3,-
1249 904 1320 958 2).

191 961 276 1007 138
331 974 333 977 ’
356 961 444 1006 616
505 960 606 1006 Cos.
638 962 690 1006 Ρ.
727 962 937 1006 Cornelias
966 962 1110 1018 Scipio
1130 963 1294 1007 Nasica
1325 964 1351 1017 (
1350 964 1528 1020 Serapio
1548 964 1727 1008 ludibrii
1748 977 1881 1009 causa
1902 965 1955 1010 de
1978 965 2092 1009 servi

479 1059 483 1062 .
551 1021 778 1066 cuiusdam
816 1022 1100 1066 similitudine
1138 1023 1406 1080 appellatus,
1453 1023 1565 1068 Plin.
1604 1023 1676 1078 21,
1720 1024 1813 1079 10),
1859 1026 1916 1068 D.
1950 1026 2095 1068 Iunius

553 1081 717 1124 Brutus
746 1080 1026 1133 (Callaicus).
1073 1082 1186 1126 Dum
1217 1082 1269 1126 D.
1302 1082 1454 1126 Iunius
1486 1095 1576 1127 cos.
1609 1082 1780 1127 deditos
1804 1083 1989 1128 Viriathi
2017 1085 2094 1128 mi-
2123 1088 2138 1102 ⁹

469 1169 473 1174 ν
554 1139 668 1193 lites,
700 1141 820 1197 agris
850 1141 1099 1194 attributis,
1132 1141 1359 1185 Valentiae
1390 1141 1597 1196 collocat,
1637 1145 1682 1186 et
1712 1156 1831 1186 arma
1860 1157 1938 1200 per
1969 1143 2094 1188 Lusi-

553 1200 731 1252 taniam,
763 1199 938 1255 singula
968 1199 1130 1256 oppida
1158 1201 1440 1258 aggrediens,
1482 1201 1755 1254 circumfert,
1795 1202 1850 1245 M.
1882 1202 2093 1259 Popillius

552 1269 724 1314 procos.
746 1271 774 1301 a
792 1258 1071 1303 Numantinis
1103 1259 1292 1304 vincitur
1322 1272 1373 1303 ac
1404 1259 1592 1317 fugatur.
1638 1260 1801 1306 Romae
1823 1273 1915 1306 cos.
1938 1275 1963 1304 a
1993 1262 2092 1305 trib.

551 1317 610 1373 pl.
635 1316 684 1361 Ο.
708 1316 902 1362 Curiatio
932 1318 980 1362 in
1011 1318 1186 1362 vincula
1204 1319 1512 1363 coniiciuntur.
1544 1318 1594 1363 L.
1611 1319 1734 1363 Sulla
1756 1319 1860 1363 dict.
1885 1321 2093 1364 nascitur.

192 1373 275 1418 137
357 1374 442 1419 617
504 1373 607 1421 008.
638 1376 702 1419 Μ.
733 1376 881 1420 Aes-nil.
913 1377 1100 1432 Lepidus
1130 1378 1324 1432 Porcina,
1361 1378 1405 1421 C.
1437 1379 1646 1422 Hostilius
1676 1379 1936 1430 Mancinus.)
1983 1380 2094 1422 Dum

554 1435 718 1480 Romae
757 1435 807 1479 L.
841 1434 1022 1480 Cassius
1053 1436 1280 1494 Longinus
1319 1437 1418 1481 trib.
1459 1437 1518 1494 pl.
1552 1437 1632 1490 (cf.
1665 1436 1757 1481 Cic.
1788 1451 1830 1494 p.
1861 1439 1978 1483 Sest.
2009 1437 2095 1490 48)

557 1495 682 1550 leym
725 1493 915 1538 Cassiam
953 1495 1224 1539 tabellariam
1263 1495 1316 1539 de
1357 1495 1531 1541 iudiciis
1569 1495 1751 1553 perfert,
1800 1496 1848 1540 G.
1881 1497 2096 1541 Hostilius

555 1565 646 1597 cos.
679 1553 882 1598 servandi
914 1554 1135 1598 exercitus
1167 1567 1302 1599 causa
1330 1567 1483 1611 pacem
1515 1568 1614 1599 cum
1644 1555 1922 1599 Numantinis
1954 1558 2098 1611 aequis

557 1613 715 1668 legibus
745 1611 863 1665 facit,
903 1625 1034 1669 quam
1065 1625 1313 1658 mansuram
1344 1626 1444 1658 esse
1475 1617 1521 1658 et
1557 1615 1654 1671 ipse
1694 1618 1739 1658 et
1770 1615 1837 1658 Ti.
1871 1614 2096 1659 Gracchus

554 1674 760 1728 quaestor
790 1672 1011 1728 ceterique
1042 1672 1342 1717 honestissimi
1374 1673 1420 1716 in
1451 1674 1647 1718 exercitu
1676 1674 1831 1717 iurant.
1882 1674 1971 1718 Sed
2002 1688 2097 1718 eam

554 1731 720 1774 irritam
752 1743 852 1774 esse
884 1734 1061 1775 senatus
1093 1732 1235 1775 iubet:
1269 1731 1378 1775 alter
1408 1745 1500 1776 cos.
1531 1733 1579 1776 in
1610 1733 1733 1790 Hisp.
1766 1734 1928 1777 missus
1961 1747 1987 1776 a
2007 1733 2097 1777 Nu-

555 1790 773 1835 mantinis.
794 1790 969 1846 quidem
1009 1791 1221 1844 abstinet,
1259 1791 1340 1834 sed
1361 1791 1599 1845 Vaccaeos,
1631 1804 1782 1836 eorum
1813 1793 1982 1846 socios,
2020 1792 2095 1835 ad·

555 1849 717 1892 iunctis
741 1848 794 1892 D.
810 1848 950 1902 Bruti,
972 1850 1047 1905 qui
1066 1849 1338 1894 Lusitaniam
1358 1854 1604 1907 pacaverat,
1626 1851 1780 1907 copiis,
1802 1850 2067 1908 aggreditur.

197 1904 294 1952 136,
359 1906 447 1951 618
509 1907 611 1952 Cos.
642 1907 698 1951 L.
729 1908 882 1950 Furius
912 1908 1073 1961 Philus,
1104 1909 1203 1952 Sex.
1234 1909 1392 1952 Atilius
1421 1909 1668 1961 Serranus.)
1727 1909 1847 1953 Idem
1878 1911 1933 1954 M.
1955 1911 2100 1954 Aemi·

559 1967 644 2011 lius
682 1978 857 2023 procos.
888 1966 1149 2012 Pallantiam
1179 1968 1226 2012 in
1257 1968 1332 2012 cit.
1363 1968 1488 2026 Hisp.
1527 1968 1690 2013 frustra
1720 1969 1915 2022 obsidet,
1961 1974 2005 2013 et
2035 1983 2100 2013 re·

559 2025 719 2080 cedens
751 2038 910 2083 magua
940 2026 1063 2070 clade
1095 2025 1295 2072 afficitur.
1364 2026 1600 2084 Imperium
1637 2029 1678 2072 ei
1710 2028 1943 2085 abrogatur
1974 2031 2018 2072 et
2049 2027 2099 2072 L.

560 2084 718 2130 Furius
751 2097 841 2130 cos.
875 2085 992 2138 (nam
1014 2085 1140 2130 alteri
1161 2085 1289 2131 ltalia
1309 2098 1407 2130 cum
1431 2086 1574 2132 Gallia
1596 2088 1847 2138 obvenerat)
1870 2100 2101 2131 successor

509 2183 513 2189 .
561 2144 760 2197 mittitur,
798 2145 874 2201 qui
904 2144 1183 2189 Numantinis
1214 2145 1359 2201 pacis,
1398 2158 1528 2202 quam
1558 2146 1744 2204 populus
1777 2146 1981 2190 iniectam
2014 2148 2100 2190 ius·

561 2204 709 2257 sisset,
741 2206 962 2247 auctorem
983 2203 1231 2248 Mancinum
1263 2203 1396 2258 dedit,
1458 2218 1555 2248 uem
1586 2205 1652 2249 illi
1684 2217 1769 2248 non
1792 2210 2071 2262 acceperunt.

617 2262 791 2307 Interea
820 2262 872 2306 D.
904 2262 1067 2308 Brutus
1099 2263 1393 2317 Lusitaniam,
1471 2264 1599 2308 ethen
1636 2264 1959 2318 (Oblivionem)
1999 2264 2098 2308 fluv.

562 2324 881 2378 transgressus,
914 2334 1052 2378 usque
1085 2322 1141 2366 ad
1172 2323 1392 2367 Oceanum
1422 2323 1661 2380 perdomat.

621 2379 753 2425 Gens.
785 2379 869 2438 Ap.
891 2379 1101 2426 Claudius
1123 2381 1310 2426 Pulcher
1342 2380 1391 2435 Q.
1414 2382 1596 2427 Fulvius
1619 2382 1818 2427 Nobilior
1850 2383 1991 2434 (lustr.
2011 2381 2099 2432 58).

561 2440 611 2484 Ρ.
643 2440 813 2484 Mucius
845 2440 1060 2485 Scaevola
1090 2443 1278 2497 praetor.

200 2498 284 2543 135
365 2499 451 2543 619
514 2498 615 2544 Cos.
648 2499 743 2543 Scr-
773 2500 946 2543 Fulvius
974 2501 1164 2552 Flaccus,
1216 2499 1266 2549 Q.
1305 2499 1552 2556 Calpurnius
1583 2499 1722 2551 Piso.)
1793 2498 1844 2552 Q.
1875 2499 1979 2542 Piso
2009 2511 2098 2542 cos.

562 2571 654 2603 rem
686 2558 895 2603 adversus
916 2558 1207 2602 Numantinos
1240 2558 1375 2602 nihilo
1405 2558 1576 2611 melius,
1608 2571 1736 2615 quam
1768 2558 1842 2615 qui
1874 2562 1973 2600 aute
2005 2570 2103 2601 eum

562 2617 696 2662 duces
729 2617 915 2670 fuerant,
945 2618 1072 2675 gerit,
1104 2616 1184 2662 sed
1212 2617 1258 2660 in
1282 2617 1485 2661 ulteriore
1515 2617 1740 2674 provincia
1761 2617 1811 2660 D.
1836 2616 1985 2660 Iunius
2006 2628 2103 2672 pro·

564 2688 659 2733 rog.
702 2676 807 2732 imp.
854 2676 1076 2731 ingentem
1119 2675 1404 2719 Gallaecorun·
1455 2675 1717 2729 exercitum,
1764 2676 1839 2733 qui
1880 2675 2103 2719 Lusitanis

566 2734 730 2780 auxilio
761 2737 982 2787 venerant,
1022 2734 1178 2779 caedit.
1242 2734 1364 2779 Alter
1401 2746 1491 2780 cos.
1516 2734 1752 2788 Vardaeos,
1792 2739 1966 2791 gentem
2002 2734 2103 2790 llly-

566 2794 715 2863 ricam,
748 2793 888 2837 victos
919 2793 965 2837 in
995 2792 1262 2863 deditionem
1301 2793 1474 2851 accipit.
1543 2794 1598 2838 Ι.
1633 2793 1875 2839 Cosconius
1906 2792 2104 2837 Macedo·

566 2864 677 2955 ”¹⁸12
695 2854 867 2955 ⁹335:
898 2851 1795 2968 55...i⁰3:2¹¹.25:2⁹:3335'2.i.ffi¹3⁸2.1‚
1836 2910 1961 2954 nu...
2002 2922 2104 2966 ..20

569 2972 737 3022 creato,
784 2970 1025 3014 exercitum
1063 2969 1211 3016 70000
1249 2970 1338 3015 fere
1377 2970 1492 3016 bom.
1530 2971 1742 3028 colligunt
1782 2972 1826 3013 et
1864 2972 2104 3025 praetorem

572 3025 621 3071 Ο.
640 3027 841 3072 Pisonem
873 3027 1037 3085 fugant.
1086 3028 1227 3072 Etiam
1259 3029 1304 3073 in
1337 3029 1496 3074 ceteris
1526 3029 1646 3074 orbis
1677 3034 1887 3073 terrarum
1909 3028 2104 3085 partibus

572 3086 786 3132 eiusmodi
816 3090 960 3132 motus
991 3087 1199 3132 oriuntur.

212 3142 295 3188 134
377 3142 464 3187 620
525 3143 626 3188 Cos.
658 3144 709 3189 Ρ.
743 3146 955 3189 Cornelius
982 3146 1126 3202 Scipio
1157 3147 1292 3202 Afric.
1328 3146 1474 3189 Aen-il.
1506 3146 1562 3189 11
1587 3145 1783 3202 (legibus
1815 3145 1983 3188 solutus
2015 3156 2106 3187 eos.

577 3202 732 3257 iactus,
761 3216 860 3248 cum
894 3216 978 3249 non
1009 3204 1207 3262 peteret),
1242 3206 1288 3247 C.
1313 3205 1482 3247 ἢὶυἱυ
1502 3203 1716 3255 Flaccus.)
1768 3203 1877 3248 Cum
1910 3202 1959 3247 L.
1981 3202 2108 3246 Plau·

503 3293 507 3301 1
573 3261 662 3306 tius
697 3260 932 3320 Hypsaeus
973 3266 1110 3320 praet.
1151 3264 1197 3307 in
1236 3262 1390 3308 Sicilia
1433 3276 1460 3307 a
1504 3263 1643 3308 servis
1685 3263 1825 3306 victus
1864 3261 2107 3319 castrisque

575 3323 734 3365 exutus
764 3324 899 3375 esset,
938 3320 988 3367 O.
1020 3322 1200 3367 Fulvius
1232 3333 1321 3366 cos.
1353 3333 1407 3367 eo
1437 3334 1536 3367 cum
1567 3322 1761 3367 exercitu
1792 3321 1989 3365 mittitur.

635 3378 683 3422 P.
706 3378 871 3437 Scipio,
902 3380 973 3424 eui
995 3380 1117 3437 Βίῳ.
1151 3380 1327 3424 citerior
1354 3392 1475 3438 prov.
1497 3386 1621 3425 extra
1641 3380 1834 3424 ordinem
1855 3379 1956 3423 data
1975 3381 2108 3431 esset,

577 3437 752 3483 auxiliis
782 3450 810 3483 a
836 3438 972 3484 sociis
1004 3442 1049 3483 et
1077 3439 1255 3496 regibus
1286 3440 1538 3494 contractis,
1569 3440 1682 3484 inter
1712 3451 1821 3509 quos
1853 3438 2056 3494 hymba
2084 3449 2111 3480 a

577 3496 760 3553 Micipsa
786 3499 940 3554 pet-uo
976 3497 1138 3543 missus
1168 3500 1288 3552 erat,
1326 3499 1563 3544 exercitum
1604 3498 1872 3542 luxuriosum
1903 3496 1958 3540 ad
1988 3508 2109 3540 seve·

579 3554 796 3599 rissimam
834 3555 1109 3614 disciplinam
1145 3560 1342 3612 revocat,
1387 3570 1517 3615 agros
1554 3556 1916 3602 Numantinorum
1954 3558 2109 3608 vastat,

579 3613 823 3672 ibidemque
844 3614 1056 3669 hibernat,
1079 3618 1126 3661 ut
1146 3616 1292 3674 inopia
1313 3617 1533 3661 civitatem
1557 3619 1721 3674 urgeat.
1774 3614 1883 3660 Cum
1905 3614 2110 3671 Scipione

1690 3687 1748 3731 ⁷0
