2392 4016
378 212 460 260 128
1145 215 1323 256 Annales
1353 214 1523 257 Romani

373 371 403 394 ι.
422 361 502 393 Chr.
583 371 617 394 u.
630 370 662 394 ο.

766 405 1072 463 Hierosolyma
1108 408 1154 450 in
1193 420 1314 451 suam
1353 410 1512 464 potest.
1553 408 1733 465 redigit,
1774 407 2027 452 Phasaelem
2060 412 2103 452 et
2132 409 2298 466 Hyrca-

768 479 885 519 num,
916 469 1035 523 pont.
1067 479 1196 519 max„
1229 467 1356 522 capit.
1418 467 1604 509 Herodes
1633 467 1813 511 Romam
1844 468 2042 524 confugit
2072 472 2116 511 et
2145 469 2198 512 ab
2230 482 2297 512 se-

772 528 877 568 natu
907 525 1031 569 Rom.
1063 542 1136 568 rex
1165 526 1346 568 Iudaeae
1377 525 1633 569 declaratur.

824 583 918 627 Lex
949 584 1147 627 Falcidia
1178 585 1510 627 testamentaria
1538 585 1638 627 lata.

431 641 488 684 39
571 640 657 685 715
719 641 819 685 Cos.
850 643 904 685 L.
937 643 1126 685 Marcius
1161 643 1412 696 Censorinus,
1449 644 1494 685 C.
1524 643 1728 686 Calvisius
1757 644 1961 694 Sabinu85
1994 642 2091 686 suff.
2122 643 2176 685 L.
2200 643 2296 686 C'oc-

732 727 736 732 ·
765 703 886 755 ceius,
920 702 972 744 P.
994 702 1208 757 Alfenus.)
1261 702 1427 758 Populo
1459 702 1582 745 Rom.
1617 701 1896 759 efflagitante,
1928 702 2077 744 IIIviri
2107 702 2159 745 de
2189 715 2296 758 pace

764 773 861 803 cum
894 760 994 803 Sex.
1027 761 1233 818 Pompeio
1265 764 1422 817 agunt:
1462 762 1548 817 ipsi
1579 761 1712 804 duces
1742 762 1802 803 ad
1825 762 2137 816 promontorium
2167 762 2295 803 Mise-

575 820 630 856 24
698 839 710 870 3
764 835 855 861 num
885 819 1089 862 collocuti
1127 820 1430 875 paciscuntur,
1470 822 1518 863 ut
1546 821 1591 862 in
1621 820 1803 862 alterum
1844 820 2185 875 quinquennium
2214 819 2296 862 Le-

547 877 650 927 Aug.
762 878 912 933 pidus,
955 878 1191 931 Antonius,
1232 877 1394 922 Caesar
1423 878 1572 921 IHviri
1601 880 1707 935 reip.
1741 880 1914 922 constit.
1947 891 2084 934 usque
2116 878 2170 921 ad
2202 877 2294 921 Cal.

764 937 855 979 Ian.
889 950 986 979 ann.
1019 937 1075 980 32
1109 939 1279 990 essent,
1322 937 1555 993 Pompeius
1594 938 1639 980 in
1679 937 1859 980 totidem
1898 950 2034 980 annos
2074 950 2211 993 usque
2242 937 2296 980 ad
2369 973 2374 978 .

767 994 857 1037 Gal.
882 995 971 1037 Ian.
1005 996 1108 1038 anni
1138 995 1195 1039 33
1219 995 1429 1048 Siciliam,
1463 996 1723 1049 Sardiniam,
1754 996 1979 1040 Corsicam
2012 1009 2109 1039 cum
2133 984 2317 1053 Achaiai!

742 1065 934 1108 procos.
957 1054 1186 1106 obtineret,
1208 1057 1300 1096 tum
1323 1055 1596 1098 consulatum
1617 1058 1799 1110 gereret,
1830 1056 2065 1111 proscripti
2086 1056 2160 1110 qui
2182 1055 2316 1111 apud}

765 1112 916 1167 Pomp.
948 1114 1118 1164 essent,
1157 1113 1509 1164 restituerentur,
1549 1113 1637 1168 ipsi
1667 1126 1723 1155 ex
1751 1115 1943 1168 paternis
1975 1114 2100 1157 bonis
2133 1103 2315 1170 septim}

767 1171 968 1226 gentiens
1001 1170 1253 1213 solveretur.
1307 1170 1419 1212 Tum
1449 1170 1575 1213 multi
1606 1172 1723 1214 cives
1755 1172 1810 1213 ad
1841 1172 1953 1214 lares
1976 1185 2079 1216 suos
2099 1173 2293 1215 redeunt.

764 1229 1252 1272 Ornantur‘honoribus
1293 1230 1422 1271 etiam
1453 1229 1839 1285 Pompeii-amici:
1879 1242 2032 1285 quare,
2071 1243 2169 1273 cum
2208 1232 2295 1273 iam

763 1288 860 1331 aliis
892 1280 1144 1331 consulatffs
1176 1288 1380 1343 promissi
1410 1291 1571 1340 essent,
1611 1291 1715 1331 tunc
1745 1289 1931 1344 primum
1960 1289 2182 1331 inventum
2213 1282 2317 1342 est,l

749 1350 810 1404 413
838 1359 926 1390 non
955 1348 1002 1389 in
1033 1360 1205 1399 annum,
1238 1347 1316 1389 sed
1346 1348 1391 1389 in
1421 1350 1568 1402 partes
1601 1347 1703 1389 anni
1724 1346 2055 1403 designarentur
2076 1348 2293 1401 consules,

761 1407 959 1462 qui-mos
991 1407 1044 1449 ab
1074 1406 1407 1462 imperatoribus
1438 1409 1592 1461 postea
1621 1405 1708 1448 late
1738 1409 2003 1462 propagatus
2035 1410 2115 1450 est.

820 1461 964 1508 Roma*
980 1465 1129 1508 Octav.
1161 1465 1207 1507 in
1239 1464 1424 1507 Galliam
1458 1465 1561 1518 abit,
1591 1463 1808 1507 Antonius
1838 1465 1885 1508 in
1907 1464 2135 1508 Graeciam
2154 1468 2294 1509 trans-

762 1536 954 1580 gressus,
986 1523 1169 1566 Athenis
1202 1524 1397 1566 luxuriae
1421 1537 1467 1566 se
1491 1523 1566 1566 dat
1586 1524 1732 1579 ibique
1753 1524 1966 1577 hibernat,
1998 1524 2099 1567 dum
2121 1525 2169 1567 P.
2180 1525 2294 1568 Ven-

758 1583 914 1636 tidius,
953 1582 1146 1626 Labieno
1185 1585 1229 1624 et
1259 1582 1429 1625 Parthis
1460 1583 1610 1635 victis,
1653 1582 1851 1626 Ciliciam
1892 1586 1936 1626 et
1966 1583 2138 1639 Syriam
2168 1597 2291 1626 recu-

723 1634 733 1718 ι
758 1644 895 1697 perat,
927 1641 1040 1698 unde
1065 1641 1246 1698 tertium
1275 1642 1754 1696 imperatoris-titulum
1785 1643 1918 1684 sumit
1946 1642 2105 1685 Anton.

821 1696 1054 1743 Caesarisss
1068 1700 1283 1756 auspiciis
1319 1699 1398 1742 C'n.
1437 1700 1653 1743 Domitius
1694 1699 1901 1744 Calvinus
1941 1700 2198 1744 Cerretanos
2246 1702 2292 1743 in

760 1759 886 1814 Hisp.
918 1759 1077 1811 domat,
1108 1759 1163 1802 M.
1186 1758 1380 1814 Agrippa
1408 1759 1492 1802 hoc
1514 1762 1559 1801 et
1578 1760 1717 1814 inseq.
1739 1772 1851 1802 anno
1872 1761 2100 1802 universae
2123 1759 2291 1803 GaHiae

761 1817 1008 1873 praefectus
1049 1829 1120 1860 res
1150 1829 1357 1872 prospere
1390 1818 1515 1873 gerit,
1547 1818 1829 1874 Rhenumque
1866 1819 1974 1860 alter
2002 1818 2291 1875 post-Caesa-

759 1890 852 1919 rem
880 1877 1051 1929 transit,
1084 1875 1219 1919 Ubios
1251 1877 1365 1918 intra
1394 1876 1504 1919 fines
1534 1876 1707 1931 imperii
1736 1877 1860 1919 Rom.
1891 1878 2060 1933 recipit.

822 1936 1076 1991 Triumphat
1108 1934 1156 1978 C.
1174 1934 1368 1978 ‘Asinius
1403 1944 1491 1976 vm
1525 1934 1616 1978 Cal.
1648 1935 1757 1978 Nov.
1790 1936 1843 1978 de
1874 1936 2110 1988 Parthinis,
2149 1949 2172 1978 e
2203 1949 2290 1978 ma-

722 2033 729 2056 ,
761 1995 904 2038 nubiis
955 1995 1143 2037 atrium—
1161 1994 1377 2037 libertatis
1422 1993 1736 2037 aedificandum
1755 2046 1758 2047 ⁷
1776 1991 1820 2037 et
1855 1995 1994 2050 prima
2030 1995 2293 2038 bibliotheca

760 2054 935 2110 publica
963 2053 1265 2096 instruendum
1297 2055 1439 2106 curat3
1469 2053 1754 2109 triumpharat
1774 2055 1904 2096 etiam
1925 2054 1974 2096 L.
1991 2054 2178 2097 Marcius
2201 2067 2290 2098 cos.

759 2114 868 2169 ipsis
902 2112 992 2156 Cal.
1024 2113 1115 2155 Ian.
1148 2124 1203 2154 ex
1232 2112 1497 2155 Macedonia.

423 2171 481 2215 38
560 2172 646 2217 716
709 2172 808 2215 Cos.
840 2172 921 2226 Ap.
959 2172 1156 2214 Claudius
1185 2172 1384 2224 Pulcher,
1435 2171 1478 2213 Ο.
1510 2171 1733 2214 Norbanus
1761 2173 1953 2224 Flaccus,
1994 2171 2090 2214 suff.
2127 2170 2174 2214 C.
2207 2171 2288 2213 Iul.

757 2232 808 2273 P.
846 2231 1053 2273 Cornelius
1082 2231 1248 2285 Scipio,
1294 2231 1349 2273 L.
1381 2231 1570 2272 Marcius
1599 2230 1858 2285 Philippus.)
1929 2231 2022 2273 Pax
2053 2243 2151 2273 cum
2184 2230 2289 2273 Sex.

756 2290 962 2346 Pompeio
1010 2289 1150 2331 denuo
1190 2289 1408 2342 turbatur,
1431 2290 1434 2292 ’
1454 2302 1552 2331 cum
1591 2301 1731 2344 neque
1769 2288 1986 2332 Antonius
2024 2289 2191 2332 Achaia
2225 2289 2290 2331 illi

757 2349 903 2401 cedat,
944 2350 988 2391 et
1016 2347 1275 2406 Menodorus
1314 2348 1495 2391 libertus
1535 2348 1686 2403 Pomp.
1726 2348 1782 2390 ad
1813 2347 2044 2402 Caesarem
2081 2351 2288 2400 transeat,

758 2409 884 2463 eique
909 2404 1132 2450 Corsicam
1162 2407 1350 2449 insulam
1380 2411 1479 2449 c-ut‘n
1507 2407 1647 2449 tribus
1678 2407 1763 2463 leg.
1787 2409 1831 2449 et
1852 2406 1909 2450 60
1930 2407 2112 2449 navibus
2132 2407 2288 2449 tradat.

756 2467 906 2522 Itaque
951 2465 1135 2519 Caesar,
1173 2466 1368 2521 quamvis
1414 2478 1502 2518 non
1540 2465 1713 2508 adiutus
1753 2466 1807 2509 ab
1847 2465 2037 2508 Antonio
2079 2465 2209 2518 (nam
2248 2461 2306 2508 is*

755 2525 1034 2568 Brundisium
1065 2525 1273 2568 invitatus
1306 2525 1504 2567 celeriter
1534 2524 1740 2578 abierat),
1779 2525 1941 2567 bellum
1972 2526 2178 2580 suscipit,
2211 2524 2290 2567 sed

755 2597 914 2641 magno
954 2584 1211 2627 detrimento
1250 2586 1452 2639 accepto,
1493 2596 1589 2626 cum
1630 2584 1697 2627 bis
1736 2584 1891 2627 classis
1921 2584 1966 2626 in
1996 2583 2106 2626 freto
2140 2584 2287 2627 Siculo

756 2645 964 2699 perisset,
1005 2643 1114 2685 mari
1145 2643 1363 2686 abstinere
1403 2643 1586 2699 cogitur.
1655 2643 1776 2685 Idem
1813 2643 1854 2685 h.
1887 2656 1924 2684 a.
1956 2642 2124 2685 Liviam
2156 2643 2313 2699 abdu-)

758 2705 872 2745 ctam
912 2716 937 2744 a
969 2701 1035 2744 Ti.
1070 2701 1250 2744 Claudio
1282 2701 1478 2754 Nerone,
1517 2700 1745 2757 repudiata
1775 2699 2023 2754 Scribonia,
2062 2703 2108 2743 in
2142 2702 2288 2744 matri·

729 2751 947 2811 (monium
987 2761 1126 2814 ducit,
1169 2773 1279 2817 quae
1319 2774 1417 2804 cum
1453 2773 1698 2817 praegnans
1741 2763 1879 2814 esset,
1918 2773 2020 2803 mox
2060 2757 2286 2803 Claudium

726 2817 943 2863 {Drusum
972 2820 1018 2862 in
1049 2819 1175 2862 domo
1209 2819 1409 2862 Caesaris
1440 2821 1566 2875 parit.
1798 2841 1801 2850 s

772 2875 864 2922 '‘P.
887 2875 1118 2922 Ventidius
1157 2879 1202 2920 in
1235 2878 1364 2934 Syria
1394 2879 1628 2931 Pacorum,
1668 2878 1843 2921 Orontis
1875 2877 2130 2921 Parthorum
2168 2878 2284 2934 regis

756 2936 914 2990 filium,
954 2937 1218 2992 Euphratem
1248 2940 1593 2994 transgressum,
1632 2950 1743 2985 cum,
1761 2938 1955 2979 exercitu
1986 2951 2022 2978 a.
2056 2937 2097 2979 d.
2131 2947 2161 2978 v
2190 2937 2284 2979 Iun.

756 2996 912 3039 caedit.
975 2996 1125 3051 Spolia
1154 2997 1361 3038 victoriae
1393 2997 1502 3052 legit
1531 2995 1769 3048 Antonius,
1809 2996 1933 3037 cuius
1965 2996 2045 3038 sub
2077 2996 2283 3051 auspiciis

758 3057 977 3111 reportata
1007 3056 1088 3107 est,
1120 3054 1198 3097 sed
1226 3055 1463 3109 triumphat
1492 3055 1655 3096 Romae
1688 3063 1719 3095 v
1750 3053 1840 3096 Cal.
1873 3054 1977 3096 Dec.
2010 3054 2252 3096 Ventidius.

812 3114 866 3157 H.
900 3127 937 3156 a.
971 3113 1026 3156 67
1057 3116 1278 3169 praetores
1315 3113 1451 3155 fuisse
1489 3113 1737 3164 traduntur,
1778 3125 1875 3154 cum
1914 3113 1988 3154 alii
2026 3113 2084 3164 in,
2103 3113 2285 3155 aliorum

755 3172 898 3216 locum
929 3172 1242 3216 sufficerentur.

421 3231 476 3276 37
559 3231 643 3276 717
707 3231 806 3276 Cos.
828 3231 892 3274 Μ
914 3232 1120 3286 Ayrippa,
1151 3231 1205 3273 L.-
1233 3230 1426 3272 Caninius
1452 3229 1612 3282 G'allus,
1645 3229 1742 3272 suff.
1780 3229 1829 3277 Q.
1851 3230 2082 3283 Fabricius,
2120 3231 2167 3272 T.
2184 3230 2284 3272 Sta-

756 3293 869 3333 tilius
904 3290 1103 3341 Taurus.)
1153 3289 1381 3332 Discordia
1412 3289 1552 3331 denuo
1583 3290 1697 3331 inter
1718 3287 1954 3331 Antonium
1986 3292 2028 3331 et
2051 3288 2281 3332 Caesarem

755 3353 850 3392 orta
879 3345 956 3405 per
978 3349 1202 3392 Octaviam
1233 3348 1519 3403 componitur.
1571 3348 1858 3403 Imperatores
1881 3360 1978 3390 cum
1998 3348 2184 3403 primum
2204 3361 2282 3403 per

755 3409 918 3451 amicos
957 3408 1070 3450 inter
1109 3420 1156 3451 se
1188 3407 1564 3464 expostulassent,
1601 3389 2305 3468 ipsi,Tarentifflssqugtefflflffiurqs
2389 3392 2392 3412 ¹

754 3467 960 3522 Pompeio
1002 3464 1274 3521 praefectura
1315 3468 1359 3508 et
1397 3459 1633 3522 auguratus
1665 3457 1726 3507 et‘
1740 3465 1990 3507 consulatus
2023 3466 2296 3517 adimuntur,g
2384 3454 2387 3520 J

340 3556 342 3558 s
372 3564 374 3570 ,
414 3547 417 3549 ·
460 3567 471 3578 ,
756 3525 1422 3583 sublatogaltero*quinquennio
1453 3525 1658 3567 IIIvirum
1687 3526 1882 3579 potestas
1913 3524 1959 3565 in
1988 3536 2147 3566 novum
2177 3523 2281 3566 alte-

436 3586 493 3602 Ψ
519 3589 522 3591 ’
716 3582 727 3656 f
754 3597 849 3627 rum
887 3583 1226 3640 quinquennium
1266 3584 1329 3641 ad
1353 3582 1443 3626 Cal.
1476 3583 1565 3625 Ian.
1597 3586 1744 3625 sextas
1782 3583 1812 3624 i.
1845 3595 1882 3624 e.
1912 3582 2016 3639 anni
2031 3582 2119 3703 3}
2122 3594 2280 3641 proro-

2071 3719 2078 3741 ι
2127 3719 2157 3734 -·=
2243 3709 2245 3711 ’

2064 3771 2102 3817 ,2
2155 3781 2160 3786 .
