2392 4016
777 222 923 265 Graeci
951 233 1081 273 usque
1111 223 1166 263 ad
1194 234 1287 263 ann.
1310 222 1393 262 421
1427 235 1464 263 a.
1482 222 1578 263 Chr.

2086 220 2145 266 25

1844 377 1878 403 a.
1891 367 1975 403 Chr.
2004 368 2142 411 Oly-p

217 415 551 461 Lacedaemonii
585 414 749 460 bellum
790 414 1049 459 denuntiant
1076 412 1438 466 Atheniensibus,
1481 413 1526 456 ui
1556 413 1807 458 Potidaeam

277 476 491 528 omittant,
522 476 567 518 et
597 474 798 519 civitates
832 475 1052 519 subiectas
1084 474 1283 518 libertate
1314 474 1379 516 uti
1409 473 1640 530 patiantur.

217 534 387 593 Spretis
418 534 543 592 pacis
572 533 916 588 condicionibus,
944 534 1087 591 primo
1117 545 1220 577 vere
1248 531 1395 586 (nocte
1424 532 1539 575 inter
1568 530 1809 587 Elaphebo-

275 594 404 637 lionis
437 592 478 637 d.
509 591 623 637 XXI
654 596 700 636 et
728 592 884 646 XXII)
914 593 1111 637 Thebani
1131 591 1331 635 Plataeas
1363 593 1592 647 occupant,
1625 589 1702 633 sed
1733 590 1810 632 eii-

274 653 468 706 ciantur,
518 650 935 708 Peloponnesiorum
982 651 1201 696 exercitus
1238 650 1430 695 Atticam
1475 648 1722 706 ingreditur
1766 651 1811 692 et

274 713 429 771 vastat.
455 758 457 761 ,
491 710 656 753 Rimas
686 726 815 754 annus
857 712 954 755 belli
982 711 1321 766 Peloponnesiaci
1348 722 1428 766 per
1457 708 1516 753 28
1546 720 1683 751 annos
1713 708 1810 751 bre-

274 769 399 814 vibus
424 769 690 827 ‘quibusdam
721 770 960 814 intervallis
992 770 1108 827 gesti

216 829 380 874 Iterum
409 828 717 886 Peloponnesii
746 830 792 872 in
813 828 1004 874 Atticam
1033 829 1278 885 irrumpunt
1307 839 1489 884 eamque
1519 839 1598 883 per
1625 825 1686 869 40
1715 824 1810 868 dies

273 887 547 946 populantur.
626 888 888 932 Pestilentia
931 887 1116 932 Athenis
1166 888 1402 944 grassatur.
1480 884 1812 929 Atheniensium

276 946 432 992 classis
471 959 591 990 oram
627 946 919 1005 Peloponnesi
964 947 1052 991 urit
1089 960 1140 990 ac
1178 948 1343 999 vastat,
1390 944 1632 1002 Aeginetae
1669 943 1814 987 insula

272 1005 488 1109 terssgederte
511 1008 740 1063 coguntur,
763 1007 921 1063 quibus
943 1005 1280 1051 Lacedaemonii
1302 1003 1519 1062 Thyream
1539 1003 1813 1047 incolendam

361 1079 449 1109 uun

218 1125 421 1168 Potidaea
451 1122 793 1168 Atheniensibus
833 1124 1018 1168 deditur.
1086 1124 1289 1167 Plataeae
1320 1136 1346 1166 a
1375 1121 1708 1178 Peloponnesiis
1739 1120 1814 1163 ob-

215 1221 217 1223 ,
275 1184 408 1228 sideri
438 1187 633 1240 coeptae.
694 1183 887 1227 Pericles
918 1183 1100 1227 moritur

216 1242 342 1287 Plato
371 1242 655 1300 philosophus
686 1243 882 1287 nascitur

215 1301 367 1346 Lesbii
395 1303 569 1359 praeter
598 1301 925 1358 Methymnaeos
958 1301 1011 1345 ab
1042 1299 1384 1344 Atheniensibus
1416 1298 1625 1342 deficiunt

219 1361 416 1406 Tertium
447 1360 783 1405 Lacedaemonii
813 1359 1074 1405 Archidamo
1106 1360 1216 1403 duce
1253 1360 1300 1403 in
1331 1358 1521 1402 Atticam
1557 1358 1814 1413 irrumpunt,

277 1420 599 1464 Plataeensium
646 1419 875 1464 fortissimi
926 1432 1006 1477 per
1052 1419 1243 1463 hostium
1281 1418 1549 1461 munimenta
1587 1419 1632 1459 et
1671 1418 1818 1459 castra

275 1479 482 1582 levadunt,
514 1479 649 1524 ceteri
678 1478 900 1523 deditione
929 1477 1047 1523 facta
1077 1477 1349 1530 occiduntur,
1380 1477 1484 1520 urbs
1516 1475 1712 1519 funditus
1743 1474 1816 1517 de·

293 1540 390 1583 etur
508 1547 512 1551 ’

220 1597 426 1651 Quartam
457 1596 788 1654 impressionem
826 1596 938 1640 duce
970 1595 1202 1640 Cleomene
1240 1595 1287 1638 in
1317 1593 1508 1638 Atticam
1539 1593 1706 1637 faciunt
1735 1593 1815 1636 Pe·

277 1656 538 1714 loponnesii,
568 1657 618 1699 ut
649 1655 844 1699 obsessis
872 1655 1148 1713 Mytilenaeis
1179 1655 1472 1698 levamentum
1501 1653 1663 1697 ferant:
1704 1651 1815 1694 nihi·

278 1716 466 1760 lominus
497 1715 563 1759 illi
594 1717 915 1773 expugnantur,
948 1718 992 1758 et
1022 1727 1152 1772 aegre
1184 1714 1237 1758 ab
1258 1714 1555 1757 internecione
1578 1714 1817 1756 servantur.

277 1773 425 1828 (Cleon
458 1769 482 1817 ὁ
511 1769 719 1832 γναφεύς.
782 1772 1088 1831 Aristophanis
1120 1773 1260 1830 prima
1289 1772 1436 1815 fabula
1466 1770 1678 1822 docetur.)
1711 1792 1720 1798 -

218 1833 552 1891 Expeditionem
582 1834 629 1877 in
659 1833 856 1878 Siciliam
888 1833 1136 1890 suscipiunt
1164 1831 1265 1875 Ath.
1297 1830 1505 1888 (Gorgias
1537 1829 1698 1880 orator)

219 1891 510 1937 Athenienses
559 1892 696 1935 maria
741 1892 956 1941 classibus
1005 1893 1226 1944 obtinent,
1272 1890 1607 1940 Lacedaemonii
1651 1887 1834 1932 crebris*

279 1955 419 1996 terrae
450 1951 640 1995 motibus
673 1965 699 1994 a
726 1951 843 1995 bello
874 1950 1065 2008 gerendo
1095 1949 1391 2008 impediuntur
1842 1946 1850 1956 '

221 2011 356 2055 Delus
387 2010 533 2054 insula
561 2010 770 2054 lustratur
898 2017 906 2023 ·
1231 2017 1236 2022 ·

222 2070 312 2115 Sed
342 2069 444 2114 dum
474 2070 624 2113 hostes
655 2069 851 2126 quintam
887 2068 1219 2125 impressionem
1247 2079 1352 2124 rege
1380 2064 1523 2123 Agide
1553 2065 1599 2108 in
1626 2063 1817 2108 Atticam

282 2129 471 2183 faciunt,
511 2128 828 2172 Demosthenes
868 2126 967 2172 Ath.
1009 2127 1167 2184 Pylum
1205 2128 1404 2183 occupat.
1477 2124 1682 2181 Spartani
1719 2125 1821 2179 post

285 2188 339 2232 17
371 2188 465 2232 dies
495 2187 679 2231 redeunt
1273 2216 1276 2219 «

225 2247 462 2304 Spartanos
492 2247 539 2290 in
559 2246 811 2303 Sphacteria
840 2245 986 2288 insula
1014 2258 1093 2303 per
1122 2244 1180 2289 72
1213 2244 1307 2288 dies
1339 2243 1545 2288 obsessos
1568 2242 1705 2286 Cleon
1725 2244 1819 2285 tan·

258 2306 380 2350 ‘dem
409 2305 467 2352 ad
497 2305 763 2350 deditionem
793 2303 932 2361 adigit

221 2363 536 2422 Aristophanes
569 2365 737 2423 equites
770 2363 1039 2408 comoediam
1070 2363 1219 2417 docet,
1260 2373 1373 2405 anno
1405 2361 1628 2418 superiore
1659 2358 1822 2404 Achar-

281 2437 441 2470 nenses

223 2482 377 2530 Niciae
414 2495 535 2527 oram
563 2481 808 2527 Laconicae
847 2483 992 2525 vastat
1038 2483 1082 2525 et
1114 2480 1348 2538 Cytheram
1390 2479 1578 2523 insulam
1620 2480 1821 2536 occupat,

219 2548 254 2583 ’,-
285 2543 503 2600 Thyream
534 2555 589 2586 ex
620 2544 770 2599 ugnat‚
802 2541 927 2585 cuius
958 2540 1127 2585 incolae
1158 2538 1399 2597 Aeginetae
1429 2537 1748 2582 interficiuntur

149 2636 151 2638 -
225 2601 432 2649 Brasidas
453 2601 570 2645 Lace
604 2634 615 2644 .
646 2613 726 2658 per
747 2599 1021 2644 Thessaliam
1051 2600 1098 2643 in
1122 2598 1352 2643 Thraciam
1382 2596 1687 2654 proficiscitur,
1718 2595 1820 2639 Am·
1855 2615 1870 2631 ·

282 2661 494 2719 phipolim
524 2660 654 2717 capit,
687 2672 816 2716 quam
838 2658 1134 2716 Thucydides,
1165 2656 1496 2702 Atheniensium
1557 2658 1716 2707 raetor,
1748 2654 1821 2697 de·
1856 2668 1866 2685 ν

283 2720 460 2765 fendere
490 2731 579 2763 non
609 2721 776 2776 potest,
815 2730 912 2762 eam
952 2717 1007 2761 ob
1046 2729 1221 2761 causam
1252 2716 1358 2759 urbe
1390 2727 1467 2772 per
1543 2714 1654 2771 giuti
1684 2725 1821 2757 annos

263 2779 509 2838 expulsus.
571 2776 728 2822 Athen.
760 2789 787 2820 a
818 2776 1039 2820 Thebanis
1071 2775 1126 2819 ad
1155 2774 1328 2819 Delium
1359 2773 1606 2826 vincuntur,
1637 2773 1712 2816 ubi
1743 2773 1822 2815 So·

285 2847 419 2882 crates
447 2836 683 2881 fortissime
722 2847 943 2893 pugnasse
983 2837 1199 2889 narratur,
1241 2833 1479 2891 eodemque
1511 2844 1624 2877 anno
1655 2831 1823 2875 Aristo·

285 2897 451 2955 phanes
483 2897 607 2939 nubes
638 2894 730 2939 edit
940 2941 944 2947 ,

230 2954 441 3001 Civitates
475 2953 668 2999 Graecae
698 2953 745 2997 in
777 2952 944 3006 Sicilia,
975 2964 1156 3009 quarum
1188 2949 1539 2995 dissensionibus
1572 2952 1701 2993 antea
1724 2947 1821 2992 Ath.

289 3015 417 3060 abusi
447 3015 591 3067 erant,
633 3014 809 3057 auctore
840 3011 1123 3056 Hermocrate
1156 3010 1434 3068 Syracusano
1464 3021 1617 3066 pacem
1658 3009 1823 3061 ineunt,

291 3072 623 3118 Atheniensium
655 3071 818 3116 auxilia
848 3070 1124 3115 dimittuntur

231 3132 439 3178 Induciae
471 3142 638 3175 annuae
668 3130 784 3175 inter
812 3129 1182 3175 Lacedaemonios
1214 3131 1260 3171 et
1287 3126 1578 3171 Athenienses

230 3191 412 3237 Interim
442 3189 723 3234 nihilominus
752 3189 968 3233 Brasidae
1007 3189 1054 3232 in
1085 3187 1272 3232 Thracia
1308 3185 1471 3230 bellum
1502 3183 1615 3240 gerit
1646 3186 1689 3226 et
1720 3181 1825 3226 civi·

255 3290 257 3294 Α
289 3251 453 3295 tatibus
485 3261 596 3305 quae
628 3246 863 3293 deficerent
892 3248 946 3292 ab
978 3245 1077 3292 Ath.
1110 3244 1327 3303 praesidio
1360 3247 1429 3287 est

229 3308 341 3354 Male
381 3321 472 3352 rem
512 3308 669 3365 gerunt
698 3305 800 3351 Ath.
830 3307 877 3351 in
909 3306 1117 3358 Thracia,
1157 3304 1293 3349 Cleon
1335 3302 1391 3347 ad
1421 3299 1713 3359 Amphipolim
1754 3310 1824 3342 su·

290 3370 468 3425 peratur
498 3380 524 3410 a
553 3364 752 3419 Brasida,
782 3365 829 3409 ln
860 3377 946 3422 qua
975 3377 1123 3422 pugna
1153 3366 1332 3419 uterque
1363 3360 1483 3405 cadit

1869 763 1955 809 431

1905 1059 1965 1103 30

1905 1118 1961 1162 29

1871 1177 1960 1220 429

1873 1235 1961 1280 429

1871 1294 1961 1339 428

1876 1532 1963 1577 427

1876 1768 1964 1812 427

1876 1827 1963 1871 427

1797 1994 1801 1997 ,
1862 1943 1965 1998 ’426

1878 2000 1967 2047 426

1879 2178 1968 2224 425

1880 2290 1969 2343 425

1880 2416 1969 2460 424

1878 2534 1968 2579 424

1882 2888 1970 2932 424

1885 3064 1973 3107 424

1884 3122 1973 3166 423

1882 3238 1970 3283 423

1881 3354 1969 3400 422

2019 762 2124 818 87³,

2029 2413 2137 2458 884

2028 2531 2137 2576 884

2033 2887 2133 2932 891

2035 3062 2134 3105 891

2034 3121 2135 3164 891

2030 3354 2138 3400 898

233 3425 386 3471 Nicias
415 3437 568 3483 pacem
607 3436 706 3468 cum
736 3423 1095 3469 Lacedaemoniis
1135 3421 1287 3480 aequis
1329 3418 1658 3465 condicionibus
1691 3417 1735 3460 iu
1767 3415 1827 3460 50
1885 3415 1968 3459 421
2033 3413 2091 3458 89
2112 3413 2140 3458 3

294 3497 431 3533 annos
463 3482 681 3544 conciliat.
733 3482 877 3527 Dubia
905 3495 992 3541 pax
1022 3481 1164 3528 tenuit
1192 3493 1272 3540 per
1301 3479 1328 3525 6
1349 3490 1487 3524 annos
1509 3481 1554 3523 et
1577 3477 1633 3521 10
1653 3479 1824 3520 meuses

294 3556 433 3602 usque
464 3543 519 3589 ad
548 3554 707 3587 annum
738 3541 840 3587 414.
