2392 4016
906 187 1098 231 historiae
1128 188 1289 233 veteris.
1975 199 2084 237 xm

147 335 287 396 gestis
319 336 620 383 describendis
648 335 765 381 inter
793 336 1028 382 historicos
1059 337 1274 382 meruisse
1294 337 1515 382 videatur:
1547 342 1670 383 tanta
1689 343 1759 384 est
1776 340 2085 397 perspicuitas,

147 412 272 455 tanta
304 409 396 454 stili
425 409 650 462 velocitas,
680 410 830 452 tantus
852 409 1015 454 candor
1035 409 1314 462 narrationis,
1345 408 1450 453 dum
1470 422 1524 453 ne
1546 422 1599 453 ea
1618 411 1808 467 quidem,
1839 425 1952 469 quae
1975 412 2086 458 forte

145 481 289 526 minus
320 482 432 526 bene
463 481 616 538 gessit,
647 480 856 524 lectorem
887 481 1015 525 celat.
1078 480 1214 524 Porro
1247 481 1350 524 liber
1379 482 1429 525 de
1461 482 1565 525 bello
1595 483 1892 538 Alexandrino,
1924 498 1952 528 a
1981 498 2086 543 quo·

147 566 319 611 cunque
349 553 540 610 scriptus
572 554 655 606 est,
685 552 868 596 eandem
897 553 1119 611 ingeniosi
1147 565 1379 609 rerumque
1410 554 1540 610 periti
1570 556 1762 599 auctoris
1794 558 1941 600 netem
1965 571 2088 614 prae·

147 626 246 679 fert,
286 625 365 670 sed
394 625 553 669 librum
583 625 633 668 de
665 625 768 668 bello
799 626 1005 681 Africano
1036 627 1081 668 et
1109 625 1403 681 fragmentum
1433 626 1483 668 de
1513 625 1785 681 Hispaniensi
1814 641 1940 672 nemo
1971 629 2087 686 lege·

145 697 216 752 rit,
249 697 338 742 nisi
368 697 443 754 qui
474 698 607 741 etiam
637 710 695 740 ex
715 696 1005 740 deterioribus
1028 697 1281 741 auctoribus
1304 710 1450 742 rerum
1469 700 1691 755 gestarum
1713 699 1965 744 testimonia
1985 713 2088 745 con·

148 770 322 826 quirere
352 768 472 813 velit.
505 769 696 822 (Extant
726 769 842 812 enim
875 768 928 812 de
949 768 1106 812 iisdem
1128 769 1274 823 rebus,
1305 772 1356 813 ut
1376 782 1510 827 supra
1529 773 1779 826 memoravi,
1809 774 1896 816 Dio
1922 773 2090 817 Canius

145 844 191 885 et
217 840 476 897 Appianas.)
537 842 757 885 Plutarchi
788 826 851 884 ’ex
889 841 1018 885 huius
1057 842 1227 897 periodi
1265 845 1389 899 parte
1427 844 1669 899 posteriore
1712 848 1815 888 sunt
1845 846 1960 889 vitae
1990 845 2089 889 Ser·
2118 887 2121 915 ³

146 915 256 968 terii,
286 914 351 958 M.
387 914 543 968 Θναεεί,
578 913 650 957 On.
680 914 880 969 Pompeii,
924 913 1143 968 Ciceronis,
1179 914 1386 969 Caesaris,
1422 915 1591 959 Catonis
1619 918 1799 971 minoris,
1836 921 1929 961 tum
1959 918 2091 962 Bruti

145 989 191 1030 et
217 987 412 1040 Antonii,
453 998 558 1031 sane
588 998 798 1043 perquam
838 986 968 1030 utiles
1008 986 1064 1030 ad
1101 999 1246 1031 mores
1286 988 1459 1031 illorum
1498 989 1720 1033 hominum
1749 990 2088 1046 pernosceudos.

142 1058 270 1103 Alius
300 1058 476 1116 generis
506 1061 610 1114 sunt
638 1059 769 1114 vitae,
801 1071 910 1116 quas
930 1059 1154 1103 Suetonius
1174 1061 1220 1102 et
1244 1059 1438 1103 Caesaris
1457 1064 1503 1104 et
1522 1063 1707 1118 Auqusti
1735 1065 1781 1105 et
1811 1064 2088 1119 sequentium

149 1132 462 1189 imperatorum
492 1131 762 1187 composuit,
802 1132 877 1188 qui
907 1144 1009 1175 cum
1049 1135 1094 1175 et
1122 1132 1218 1188 ipse
1249 1145 1399 1176 eorum
1429 1134 1563 1177 vitam
1593 1135 1804 1191 privatam
1835 1136 1930 1191 pari
1959 1139 2089 1192 atque

144 1203 254 1248 adeo
291 1204 456 1248 maiore
495 1203 641 1248 studio
681 1215 811 1259 quam
847 1215 919 1247 res
957 1204 1133 1260 publice
1176 1207 1324 1261 gestas
1357 1210 1618 1262 exponeret,
1659 1219 1747 1250 non
1786 1210 2013 1263 tantopere
2043 1206 2090 1250 id

146 1276 261 1334 egit,
300 1275 420 1332 quod
447 1275 734 1329 Plutarchus,
773 1277 822 1319 ut
850 1276 1022 1320 animus
1054 1276 1277 1320 hominum
1309 1278 1653 1334 perspiceretur,
1693 1279 1773 1322 sed
1802 1283 1852 1322 ut
1881 1279 2088 1323 lectorem

146 1347 388 1405 singularia
415 1348 555 1392 multa
584 1347 641 1392 ad
668 1348 843 1392 illorum
872 1348 1006 1392 vitam
1037 1349 1302 1405 pertinentia
1331 1348 1523 1404 doceret,
1554 1363 1665 1407 quae
1694 1350 1869 1394 aliunde
1890 1364 1978 1395 non
1999 1351 2089 1396 fere

147 1423 533 1479 cognoscerentur.
583 1420 654 1464 Ex
684 1433 769 1477 quo
800 1420 1074 1477 intelligitur,
1104 1420 1340 1477 plurimum
1369 1422 1485 1466 hunc
1518 1424 1789 1480 scriptorem,
1821 1423 1964 1467 sicubi
1984 1424 2090 1468 alio·

145 1505 241 1536 rum
269 1494 496 1536 auctorum
527 1505 660 1549 opera
689 1492 972 1546 accesserint,
1011 1493 1067 1536 ad
1097 1496 1346 1537 accuratam
1377 1508 1521 1538 rerum
1552 1495 1846 1539 Romanarum
1876 1497 2090 1553 cognitio-

145 1576 246 1608 nem
274 1564 500 1622 prodesse.

263 1637 374 1681 Post
400 1650 592 1695 pugnam
624 1637 739 1695 apud
758 1636 935 1682 Actium
965 1639 1154 1695 populus
1175 1639 1398 1683 Romanus
1430 1641 1523 1684 sive
1554 1642 1702 1698 potius
1734 1641 1853 1685 orbis
1878 1645 2088 1686 terrarum

146 1711 265 1753 unius
294 1711 465 1756 hominis
494 1712 669 1754 arbitrio
700 1710 796 1767 regi
827 1713 1009 1767 coeptus
1042 1714 1125 1766 est,
1156 1713 1232 1769 qui
1252 1715 1484 1769 postquam
1506 1714 1663 1758 callide
1685 1727 1876 1758 summas
1896 1718 2088 1772 potesta·

147 1784 232 1838 tes,
265 1782 369 1827 olim
401 1784 671 1840 temporibus
703 1786 748 1827 et
778 1783 1107 1840 magistratibus
1139 1784 1318 1838 divisas,
1349 1785 1395 1828 in
1417 1798 1466 1829 se
1487 1798 1574 1830 uno
1595 1787 1836 1840 coniunxit,
1866 1799 1942 1831 eas
1961 1789 2089 1843 quasi

147 1867 227 1912 per
254 1868 410 1900 manus
442 1857 692 1900 successori
722 1868 801 1900 suo
833 1856 1024 1900 tradidit.
1076 1857 1127 1900 Id
1157 1858 1355 1913 quamvis
1385 1858 1647 1902 hereditario
1677 1860 1770 1903 iure
1789 1858 1927 1913 fieret,
1958 1863 2085 1904 vetus

148 1930 297 1972 tamen
329 1929 501 1985 species
521 1929 587 1972 rei
605 1928 807 1985 publicae
828 1929 1002 1982 mansit,
1035 1942 1220 1986 cumque
1240 1930 1392 1986 populi
1411 1932 1639 1974 contiones
1659 1932 1704 1975 in
1728 1935 1926 1975 senatum
1946 1936 2086 1977 trau&

149 1998 264 2044 latae
296 2003 462 2054 essent,
501 2001 556 2044 ab
586 2001 715 2044 huius
747 2001 1005 2045 auctoritate
1036 2013 1163 2045 omne
1193 2002 1262 2046 ius
1291 2003 1465 2060 imperii
1495 2006 1571 2046 aut
1599 2003 1971 2060 proficiscebatur,
2011 2009 2087 2050 aut

147 2071 375 2116 videbatur
405 2075 523 2116 certe
554 2070 789 2129 proficisci.
859 2072 1012 2130 Itaque
1052 2074 1360 2131 imperatores,
1401 2076 1477 2132 qui
1506 2076 1683 2132 tyranni
1727 2076 1866 2121 videri
1905 2078 2084 2132 nollent,

147 2156 360 2189 memores
390 2145 636 2202 delegatam
667 2145 752 2189 sibi
782 2157 882 2190 esse
914 2158 1127 2189 summam
1157 2150 1434 2203 potestatem,
1471 2149 1617 2192 omnia
1646 2161 1725 2206 per
1755 2154 1955 2194 senatum
1985 2164 2086 2208 ege·

146 2222 269 2271 runt,
308 2217 389 2261 sed
418 2231 518 2261 eum
547 2219 706 2275 partim
747 2218 935 2262 militum
964 2222 1151 2273 terrore,
1190 2221 1348 2277 partim
1387 2233 1565 2265 suorum
1597 2220 1906 2267 beneficiorum
1945 2225 2087 2281 gratia

146 2289 328 2348 (quippe
359 2302 489 2347 quem
518 2302 607 2334 non
636 2290 788 2347 populi
817 2292 1040 2350 suffragia,
1073 2293 1151 2337 sed
1181 2292 1454 2338 dominorum
1473 2294 1676 2338 voluntas
1708 2294 1890 2351 legeret)
1920 2296 1983 2340 ita
2013 2296 2085 2340 de·

150 2362 347 2406 vinctum
377 2365 422 2406 et
451 2364 737 2407 constrictum
770 2366 990 2420 tenebant,
1035 2369 1085 2410 ut
1114 2366 1223 2410 illud
1253 2366 1372 2423 quod
1400 2366 1531 2423 vulgo
1562 2370 1744 2411 vocatur
1773 2369 1981 2411 consiliunt
2006 2384 2086 2424 pu-

147 2434 316 2489 blicum,
353 2435 667 2492 magnitudinis
707 2438 841 2482 animi
878 2442 924 2483 et
955 2439 1171 2483 libertatis
1202 2438 1464 2483 documenta
1492 2452 1632 2496 paene
1664 2439 1803 2494 nulla,
1842 2441 2085 2484 innumera-

144 2505 252 2551 bilia
279 2506 432 2552 foedae
465 2508 728 2553 adulationis
760 2510 959 2554 ediderit.
1022 2511 1113 2555 Sed
1143 2514 1193 2555 ut
1222 2512 1268 2555 in
1299 2513 1414 2555 viam
1435 2512 1678 2565 redeamus,
1709 2522 1865 2555 sextas·
1886 2513 1995 2557 hanc
2012 2529 2085 2568 ρο-

146 2580 303 2623 riodum
333 2580 470 2624 Marci
499 2580 710 2625 Antonini
740 2585 879 2626 morte
919 2584 1271 2638 terminavimus,
1308 2587 1540 2641 propterea
1576 2584 1694 2640 quod
1725 2584 1918 2628 sedecim
1949 2586 2083 2642 impe·

145 2650 329 2706 ratores,
374 2653 451 2709 qui
479 2666 558 2710 per
587 2654 721 2698 hosce
752 2654 842 2699 210
871 2667 1009 2700 annos
1039 2657 1102 2699 rei
1133 2656 1334 2713 publicae
1364 2656 1665 2712 praefuerunt,
1704 2660 1876 2713 praeter
1905 2669 2084 2714 paucos,

145 2735 255 2780 quos
286 2724 438 2768 beluas
470 2725 616 2770 dicere
647 2726 788 2780 malis,
820 2739 950 2783 quam
980 2729 1192 2782 homines,
1225 2730 1445 2786 legitimae
1475 2729 1610 2783 illius,
1642 2728 1696 2772 de
1727 2741 1814 2785 qua
1843 2741 1975 2786 supra
1994 2742 2085 2773 me·

144 2796 326 2851 moravi,
356 2798 590 2853 potestatis
621 2799 814 2856 speciem
843 2801 1130 2855 retinuerunt,
1162 2805 1207 2845 et
1227 2806 1406 2847 senatus
1436 2802 1755 2854 auctoritatem,
1786 2802 1871 2846 nisi
1892 2802 2008 2859 quod
2030 2802 2083 2846 ad

146 2868 334 2914 militum
365 2869 595 2926 imperium
624 2872 875 2928 pertineret,
907 2874 1122 2930 integram
1143 2879 1388 2919 servarunt:
1422 2878 1575 2919 eontra
1593 2875 1867 2931 sequentium
1888 2874 2083 2932 plerique

145 2941 260 2986 inter
290 2941 440 2986 turbas
470 2942 682 2988 militares
713 2944 769 2988 ad
800 2957 1013 2990 summam
1043 2946 1299 3003 dignitatem
1330 2948 1494 3001 evecti,
1536 2959 1666 2991 uuam
1697 2947 1760 2990 rei
1791 2947 1992 3004 publicae
2024 2948 2082 2991 le·

146 3025 246 3071 gem
275 3014 323 3058 in
354 3026 435 3078 sua
465 3015 687 3061 voluntate
717 3019 908 3075 positam
940 3019 1261 3074 existimarunt,
1293 3023 1338 3064 et
1367 3020 1540 3064 senatui
1571 3020 1781 3073 Romano,
1813 3033 1840 3063 a
1868 3034 1956 3078 qua
1977 3021 2081 3065 urbe

146 3086 298 3142 procul
330 3087 417 3143 ipsi
449 3087 603 3131 abesse
633 3088 847 3144 solebant,
879 3091 1022 3135 nullas
1054 3092 1100 3135 in
1130 3105 1178 3135 re
1209 3092 1385 3149 publica
1415 3104 1515 3136 esse
1535 3094 1682 3148 partes
1704 3092 1946 3136 voluerunt.
2000 3093 2082 3138 Ro·

147 3168 243 3202 rum
274 3163 498 3216 gestarum
527 3162 750 3206 auctorem
779 3161 1042 3220 locupletem
1072 3176 1151 3221 per
1180 3167 1316 3207 totam
1347 3164 1457 3209 hanc
1479 3168 1665 3208 aetatem
1686 3167 1781 3208 tuto
1802 3176 2083 3222 sequeremur

146 3229 323 3274 Dionen·
357 3231 556 3286 Cuccium,
589 3232 630 3276 si
657 3233 876 3291 integrum
907 3236 1003 3280 eius
1034 3248 1143 3292 opus
1176 3236 1303 3280 hodie
1335 3242 1600 3294 superesset.
1673 3237 1763 3283 Sed
1791 3240 1894 3295 post
1923 3236 2079 3280 librum

147 3300 206 3347 54
237 3303 294 3355 (a.
317 3301 418 3347 Chr.
444 3304 518 3358 10)
547 3305 830 3362 insequentes
862 3307 962 3351 libri
992 3320 1087 3362 sex,
1119 3308 1277 3365 quibus
1309 3308 1367 3354 70
1387 3321 1597 3354 annorum
1618 3309 1800 3354 historia
1819 3308 2080 3361 continetur,

146 3375 290 3419 mutili
321 3378 365 3419 et
394 3376 543 3421 multis
574 3377 685 3422 locis
716 3378 829 3422 male
858 3380 1073 3423 contracti
1105 3379 1309 3437 leguntur
1338 3381 1578 3439 (imprimis
1610 3383 1655 3426 in
1685 3382 1811 3426 annis
1844 3379 2079 3425 ἀῖ-757

146 3459 189 3492 ιι.
223 3459 276 3502 c.,
308 3447 335 3492 7
367 3461 407 3493 a.
430 3448 531 3494 Chr.
549 3450 651 3494 —4
683 3453 786 3508 post
804 3448 940 3505 obn),
970 3454 1073 3508 post
1092 3452 1151 3497 60
1180 3465 1282 3498 vero
1314 3453 1470 3498 librum
1502 3455 1574 3507 (ab
1605 3467 1719 3499 anno
1749 3454 1808 3499 60
1838 3457 1941 3511 post
1960 3453 2079 3505 Chr.)

146 3531 284 3578 usque
316 3520 371 3565 ad
402 3520 532 3566 finem
563 3523 671 3567 nihil
701 3526 904 3581 superest
933 3524 1018 3568 nisi
1049 3526 1219 3581 epitome
1248 3526 1477 3582 Xiphilini,
1510 3541 1638 3585 quem
1670 3530 1857 3582 constat,
1891 3531 2076 3579 servata,

144 3596 353 3652 quantum
382 3593 477 3640 fieri
507 3598 673 3654 posset,
706 3595 860 3642 Dionis
892 3599 1107 3654 oratioue,
1148 3600 1229 3645 sed
1267 3601 1423 3647 recisis
1455 3614 1738 3659 quaecunque
1770 3600 1857 3658 ipsi
1887 3610 1973 3643 non
2005 3611 2077 3643 ne·

1678 3674 1730 3699 Ο.
