2392 4016
6 3441 567 4016 l

899 198 1109 295 Aeg‘yptii.
1141 199 1375 245 Phoenices.

234 392 318 443 tur,
351 388 457 435 dum
484 391 531 436 et
557 391 728 434 veteres
759 402 887 446 reges
920 390 1076 435 multas
1108 391 1311 448 regiones
1332 393 1521 437 retinent
1540 394 1617 437 et
1604 407 1650 438 in
1671 394 1770 439 aliis

233 462 346 493 nova
374 449 532 494 XXVI
561 448 765 519 dynastia
793 450 959 494 existit.
1027 449 1186 495 Omnia
1221 450 1444 496 turbarum
1475 452 1625 509 plena,
1665 453 1771 498 duo·

236 507 378 552 decim
408 520 536 565 reges
567 508 613 551 in
643 508 776 551 variis
806 509 932 566 regni
962 509 1170 566 partibus.

174 566 294 611 Inter
325 579 400 611 eos
431 570 501 612 est
530 562 862 621 Psammetichus,
895 568 971 625 qui
1000 581 1026 612 a
1056 568 1239 625 collegis
1273 569 1454 622 eiectus,
1491 581 1592 613 mox
1623 583 1771 615 eorum

234 627 374 684 copiis
419 626 475 669 ad
520 626 825 683 Momemphim
872 627 1035 671 auxilio
1085 626 1351 672 Graecorum
1409 630 1773 674 mercenariorum

235 686 363 730 victis
395 685 516 731 solus
547 698 730 742 regnum
762 686 930 732 obtinet
960 686 1090 739 (Sais
1121 688 1247 744 regni
1278 686 1435 741 sedes)

174 744 259 798 Qui
290 757 388 788 cum
409 744 659 802 Aegyptum
691 746 934 802 peregrinis
957 746 1163 803 gentibus
1185 747 1354 804 aperiat
1374 745 1643 804 Graecisque
1665 760 1774 791 mer-

236 804 422 847 cenariis
454 804 663 847 militibus
704 807 871 859 utatur,
909 806 1068 862 quibus
1109 808 1254 849 castra
1284 808 1330 849 et
1359 818 1489 863 agros
1521 819 1655 864 prope
1687 807 1773 852 Bu·

233 863 390 907 bastim
421 863 641 920 assignat,
680 877 840 920 magna
877 878 977 921 pars
1017 864 1182 909 ordinis
1223 865 1424 910 militaris
1456 865 1773 924 Aegyptiorum

230 922 274 965 in
306 921 584 979 Aethiopiam
614 923 786 980 migrat.

170 981 340 1025 Bellum
370 982 418 1025 in
436 980 546 1026 Asia
574 995 733 1039 gerens
763 983 963 1036 Azotum,
997 982 1151 1040 Syriae
1183 983 1347 1037 urbem,
1379 987 1481 1041 post
1501 984 1770 1028 obsidionem

228 1040 286 1085 29
317 1049 529 1085 annorum
559 1042 691 1099 capit.

169 1099 338 1203 Mofirltuo
370 1113 428 1203 33
453 1103 687 1158 postquam
718 1100 777 1146 54
797 1114 937 1146 annos
969 1102 1015 1145 in
1047 1103 1299 1146 universum
1329 1103 1543 1159 regnavit,
1574 1101 1774 1147 succedit

275 1172 345 1203 lus
423 1162 518 1203 echo

169 1218 253 1262 Rei
282 1219 427 1262 navali
459 1219 620 1272 studet,
651 1217 844 1263 Africam
876 1233 954 1276 per
985 1220 1229 1264 Phoenices
1261 1220 1572 1277 explorandam
1604 1223 1743 1264 curat.

171 1277 358 1322 Iudaeos
390 1277 445 1322 ad
476 1278 724 1335 Magdolum
756 1279 907 1333 vincit,
938 1279 1247 1335 Hierosolyma
1277 1280 1395 1336 capit

169 1336 272 1381 Mox
301 1338 398 1394 ipse
429 1337 484 1381 ab
515 1337 883 1382 Nebucadnezare
925 1339 979 1382 ad
1013 1339 1257 1383 Circesium
1287 1339 1476 1395 pellitur.
1539 1339 1643 1383 Vita
1671 1343 1774 1395 post

228 1409 412 1453 regnum
446 1395 500 1440 16
532 1409 742 1440 annorum
774 1397 949 1442 functus

95 1453 99 1458 '
169 1455 384 1508 Psammis,
418 1456 513 1499 eius
545 1455 676 1508 filius,
708 1456 917 1500 adversus
948 1456 1185 1512 Aethiopes
1217 1469 1418 1513 pugnans
1450 1457 1564 1513 perit

169 1515 323 1570 Apries
352 1515 475 1566 (sive
506 1514 710 1571 Hophra)
742 1515 952 1559 adversus
983 1515 1396 1560 Nebucadnezarem
1435 1516 1596 1559 bellum
1636 1516 1770 1572 gerit3

229 1587 256 1616 a
286 1572 526 1630 Cyrenaeis
558 1573 772 1627 devictus,
805 1575 859 1618 ab
891 1575 1123 1632 Aegyptiis
1155 1575 1371 1619 deseritur
1401 1578 1446 1618 et
1476 1575 1691 1619 occiditur

171 1632 263 1676 Sub
297 1635 463 1685 Amasi,
504 1633 580 1688 qui
609 1635 712 1689 post
742 1646 841 1677 eum
871 1647 950 1678 rex
981 1634 1282 1688 constituitur,
1321 1635 1551 1691 Aegyptus
1581 1635 1774 1678 multitu-

229 1692 332 1735 dine
363 1692 586 1736 hominnm
618 1695 747 1749 atque
779 1693 951 1737 urbium
981 1693 1120 1737 floret.

176 1745 369 1808 Cyprum
400 1752 671 1795 tributariam
704 1752 822 1806 facit,
864 1753 942 1796 sed
974 1767 1000 1797 a
1029 1754 1178 1797 Persis
1209 1753 1655 1810 appropinquantibus
1686 1751 1770 1796 Ae-

323 1813 368 1854 to
399 1809 566 1855 metuit.

171 1824 467 1913 Psfflogaenitus
496 1872 598 1927 post
626 1883 810 1926 regnum
840 1883 1077 1927 paucorum
1109 1872 1322 1914 mensium
1354 1885 1380 1913 a
1401 1870 1617 1927 Cambyse
1639 1870 1774 1915 Persa

230 1930 419 1973 vincitur
450 1933 494 1972 et
524 1929 738 1973 occiditur

172 1989 240 2032 Ab
270 1989 352 2091 hotc
379 1992 602 2101 ῗῗιῦεἰιιθ)
608 1989 840 2033 Persarum
881 2001 1011 2046 reges
1042 1989 1088 2032 in
1118 1987 1322 2082 Aegypto
1361 1987 1639 2033 dominantur
1670 1988 1771 2045 (dy-

234 2061 312 2092 nas

170 2165 367 2217 Aegyptii
406 2166 544 2216 iugum
575 2166 779 2205 Persicum
819 2166 1054 2206 invitissimi
1093 2167 1246 2215 ferunt,
1287 2167 1359 2205 sed
1389 2178 1414 2205 a
1443 2167 1646 2217 praesidio
1677 2166 1772 2205 Par-

230 2237 380 2274 sarum,
411 2225 594 2275 Memphi
625 2225 840 2274 collocato,
871 2226 914 2265 in
945 2226 1080 2266 officio
1111 2221 1310 2264 tenentur.

170 2285 311 2334 Neque
350 2291 485 2323 tamen
524 2297 606 2324 non
647 2286 773 2324 etiam
803 2297 898 2324 suos
927 2297 1064 2335 reges,
1106 2284 1240 2324 Persis
1279 2285 1538 2332 tributarios,
1582 2283 1770 2336 (dynant.

227 2343 620 2397 XXVIII-XXX)
650 2345 692 2383 in
722 2344 823 2383 locis
854 2346 958 2384 mari
987 2343 1058 2396 (έν
1078 2341 1217 2395 ἕλεσι)
1245 2349 1286 2382 et
1306 2343 1467 2383 Africae
1488 2345 1771 2383 adiacentibus

227 2404 393 2450 habent,
427 2404 497 2453 qui
529 2405 719 2444 omnibus
751 2403 926 2454 captatis
948 2404 1244 2452 occasionibus,
1278 2404 1516 2454 praesertim
1536 2404 1641 2442 inter
1661 2402 1772 2442 bella

229 2475 321 2502 cum
344 2461 509 2502 Graecis
534 2468 670 2514 gesta,
702 2475 727 2503 a
755 2475 849 2514 rege
870 2464 1081 2505 Persarum
1112 2464 1316 2503 deficiunt.
1364 2462 1529 2509 Eorum,
1563 2463 1632 2511 qui
1662 2463 1773 2511 apud

230 2521 406 2561 Graecos
443 2523 635 2562 historiae
665 2524 882 2572 scriptores
914 2528 1290 2570 commemorantur,
1324 2523 1488 2561 nomina
1519 2523 1619 2560 haec
1654 2527 1769 2562 sunt:

170 2582 314 2620 lnam
346 2576 576 2640 (Ἰνάρως)
605 2582 704 2621 Afer
733 2583 786 2622 ab
817 2582 964 2622 Artax.
985 2582 1018 2622 1.
1050 2583 1199 2630 deficit,
1230 2581 1522 2621 adiuvantibus
1549 2579 1772 2620 Athenien·

229 2641 342 2680 sibus

170 2700 231 2740 Eo
269 2702 380 2740 victo
419 2705 461 2738 et
499 2700 606 2739 cruci
647 2701 777 2739 affl’xo
816 2705 1000 2749 superest
1036 2705 1174 2739 tamen
1204 2700 1440 2751 Amyn-tam
1477 2698 1520 2738 in
1556 2698 1772 2738 maritimis

228 2760 465 2809 regionibus

177 2819 424 2869 Thamyras,
458 2818 566 2858 [nari
596 2817 667 2864 m„
700 2822 743 2855 et
760 2818 954 2864 Pausias,
986 2817 1195 2868 Amyrtaei
1226 2816 1296 2865 m..
1329 2827 1442 2866 reges
1465 2816 1594 2856 Persis
1615 2820 1768 2866 parent.

171 2878 399 2927 Nephereus
433 2877 772 2915 Lacedaemonios
803 2877 974 2916 adiuvat
1004 2882 1144 2916 contra
1173 2877 1393 2915 Artaxerx.
1425 2875 1478 2914 11.

171 2937 313 2975 Acoris
344 2936 577 2985 Euagoram
607 2936 779 2976 adiuvat

171 2995 420 3034 Nee-canebas
450 2995 685 3047 Aegyptum
717 2995 900 3035 defendit
928 2995 980 3033 ab
1012 2996 1222 3046 ingruente
1254 2994 1467 3033 Persarum
1498 2994 1681 3033 exercitu

178 3055 329 3094 Tachos
360 3053 577 3094 Chabriam
609 3054 757 3094 Athen.
790 3059 833 3092 et
862 3054 1100 3104 Agesilaum
1140 3066 1225 3105 reg.
1259 3053 1405 3093 Laced.
1438 3051 1560 3091 classi
1597 3056 1639 3091 et
1667 3050 1776 3090 mili-

231 3106 341 3153 tibus
371 3114 629 3152 mercenariis
660 3114 843 3163 praeficit

173 3171 422 3212 Nectanebun
453 3170 729 3224 (857-840)
758 3173 812 3212 ab
845 3170 959 3211 Ocho
990 3183 1084 3221 rege
1115 3171 1222 3211 Pers.
1255 3172 1402 3218 victus,
1440 3169 1482 3208 in
1511 3167 1774 3218 Aethiopiam

234 3232 408 3281 aufugit.
437 3279 442 3284 .
475 3230 671 3281 Aegyptii
702 3231 745 3271 in
774 3236 1021 3282 potestatem
1051 3231 1205 3271 redacti
1236 3230 1495 3280 graviterque
1526 3229 1662 3278 puniti
1693 3238 1775 3267 ser·

232 3290 352 3329 viunt
381 3301 508 3339 usque
538 3290 593 3330 ad
622 3289 914 3331 alannum.

770 3421 812 3467 2.
873 3417 1174 3465 Paoamcas.

179 3520 419 3568 Phoenices
452 3538 478 3567 a
507 3523 636 3568 rubro
667 3524 776 3569 mari
804 3522 1079 3581 immigrasse
1109 3522 1326 3567 dicuntur.
1378 3521 1672 3577 Principutum
1703 3532 1774 3562 eo-

235 3596 331 3628 rum
361 3586 511 3629 tenent
542 3583 672 3627 urbes
704 3583 871 3640 Byblus
903 3588 948 3627 et
979 3583 1182 3639 Berytus.

1722 3652 1775 3693 ι.

1793 357 1827 383 a.
1840 347 1926 385 Chr.
1961 349 2107 393 olymp.

1864 687 1951 733 654
2006 689 2108 735 313

1862 1158 1947 1203 617
2005 1160 2106 1204 404

1865 1393 1947 1438 601
2006 1395 2107 1439 444

1863 1453 1950 1497 595
2004 1453 2107 1498 462

1862 1570 1951 1615 570
2006 1570 2063 1615 52
2079 1571 2108 1615 3

1861 1925 1948 1970 525
2006 1924 2107 1971 633

1862 2644 1948 2681 480
2007 2644 2061 2680 80
2087 2645 2101 2680 1

1862 2761 1946 2799 ⁴55
2007 2761 2057 2799 81
2082 2762 2106 2798 2

1863 2878 1946 2916 897
2007 2878 2060 2915 95
2081 2877 2106 2914 4

1865 2938 1946 2975 31⁴4
2009 2937 2061 2975 99
2085 2938 2104 2975 1

1866 2997 1950 3035 872
1981 2997 2060 3034 102
2085 2997 2102 3033 1

1865 3115 1949 3151 360
1982 3113 2062 3151 10⁶
2087 3115 2103 3150 1

1864 3231 1948 3268 8-10
1980 3230 2102 3268 1101
