2392 4016
644 148 695 188 ab
727 160 833 188 anno
864 161 905 199 p.
923 146 1018 189 Chr.
1042 148 1128 188 449
1161 160 1289 199 usque
1319 149 1371 189 ad
1402 160 1552 189 aunum
1583 150 1684 190 457.
2044 146 2127 194 199

190 293 280 336 ⁹⁹⁰¹
353 304 389 328 '¹'
404 304 434 330 c.
501 296 589 347 ‘'up'‘
675 338 799 383 divos
831 339 981 394 relata,
1012 340 1060 386 in
1092 339 1238 387 Gallia
1267 338 1483 386 occiditur
1513 334 1846 394 Tor-ismundus,
1879 340 2129 412 Vidgoffio·

674 411 769 442 rum
801 412 893 453 rex,
926 399 998 444 cui
1026 398 1161 445 trater
1196 399 1470 444 mam-icas
1500 398 1542 444 11
1575 399 1788 454 succedit,
1819 399 2026 445 Romame
2057 399 2126 444 lit»

252 498 262 502 -
674 457 782 501 teris
814 471 840 501 a
901 459 1009 502 rime
1041 458 1252 503 eruditus.

189 516 277 562 454
342 517 455 563 1207
518 516 577 562 30
638 516 740 561 Cos.
774 517 841 561 Fl.
901 517 1048 563 tudius
1079 518 1168 574 Or.,
1198 518 1266 563 m.
1290 518 1443 563 Aetius
1476 516 1538 562 IV
1570 517 1691 571 (eive
1722 518 1760 561 is
1791 517 1908 562 tilius
1938 520 2033 562 erat
2060 521 2129 562 ter

515 576 575 636 “5
676 577 905 628 consulis.)
967 577 1137 632 Mitius,
1170 578 1296 623 cuius
1328 577 1457 622 unius
1491 577 1650 622 virtute
1682 577 1910 634 imperium
1930 581 2129 630 steterat,

672 635 831 706 ignavo
863 635 1037 680 domino
1069 637 1250 691 nimius,
1283 637 1406 681 iussu
1438 638 1484 681 et
1514 647 1616 680 vero
1648 637 1779 680 etiam
1810 649 1937 679 manu
1973 636 2128 680 Valen-

674 695 828 739 tiniani
858 696 1072 739 occiditur.

188 752 277 797 455
343 752 456 796 1208
638 755 739 798 Cos.
762 753 871 812 Imp.
893 753 1113 799 Valentin.
1137 753 1259 807 vm,
1291 753 1357 797 Fl.
1379 753 1671 804 Anthemius.)
1725 752 1851 797 Haud
1874 752 2008 797 multo
2031 759 2129 810 post

396 826 398 830 ·
517 812 573 872 ’ῖς
675 810 817 866 (Mart.
844 812 932 866 16.)
965 812 1130 856 Romae
1171 812 1484 855 Valentinianus
1516 815 1560 856 et
1588 812 1699 871 ipse,
1731 816 1907 857 auctore
1940 812 2129 856 Petronio

675 871 876 925 Maximo,
907 872 1002 915 viro
1035 871 1192 925 nobili,
1233 872 1300 915 bis
1342 871 1522 916 consule
1555 874 1600 916 et
1628 872 1762 929 praef.
1794 876 1931 929 praet.
1962 871 2128 925 Italiae,

674 930 799 974 cuius
822 930 996 974 domum
1019 931 1232 975 adulterio
1252 931 1499 988 polluisset,
1531 933 1799 985 nuerfidtnr:
1830 933 1955 976 cuius
1978 936 2129 985 morte,

674 1002 934 1047 quamquam
974 990 1079 1035 nihil
1113 991 1207 1048 ipse
1239 990 1356 1049 frugi
1388 1003 1577 1047 unquam
1614 990 1802 1044 fecerat,
1841 991 2033 1048 dignitas
2065 996 2129 1035 ta·

673 1062 770 1093 men
803 1049 906 1107 imp.
940 1049 1064 1093 Rom.
1098 1050 1293 1094 extincta
1323 1053 1412 1104 est,
1454 1062 1583 1107 quam
1621 1051 1795 1107 generis
1838 1054 1957 1095 certe
1989 1050 2130 1095 Theo·

672 1108 843 1152 dosiani
877 1109 1077 1153 claritate
1109 1110 1390 1154 sustinuerat.
1454 1109 1759 1153 MAXIMUS
1788 1111 1968 1167 imperio
1999 1109 2040 1153 d.
2076 1110 2129 1154 17

671 1167 794 1212 Mart.
828 1169 994 1226 potitus
1026 1168 1291 1222 Eudoxiam‚
1323 1168 1499 1213 viduam
1531 1168 1842 1222 Valentiniani,
1874 1170 2054 1213 invitam
2085 1170 2130 1213 iu

588 1268 591 1270 ,
674 1227 996 1271 matrimonium
1027 1227 1159 1272 ducit.
1214 1229 1366 1286 Itaque
1400 1228 1507 1272 haec
1531 1227 1745 1273 Geiserici
1777 1229 1987 1273 auxilium
2017 1229 2130 1272 clam

671 1287 903 1331 invocasse
945 1287 1094 1331 fertur.
1166 1287 1302 1332 Cuius
1342 1287 1499 1332 classis
1541 1301 1639 1332 cum
1680 1288 1860 1331 Romam
1900 1289 2131 1345 appropin-

645 1350 878 1403 'quasset,
916 1347 1048 1404 vulgo
1089 1347 1287 1392 homines
1327 1360 1383 1391 ex
1425 1347 1530 1391 urbe
1569 1347 1763 1405 fugiunt,
1806 1347 1885 1391 sed
1915 1348 2129 1391 Maximus

673 1418 772 1449 cum
804 1409 848 1450 et
878 1406 973 1463 ipse
1005 1406 1151 1464 fugam
1182 1410 1381 1464 pararet,
1420 1406 1562 1464 plebis
1594 1407 1805 1451 conviciis
1837 1411 2071 1464 coopertus
2103 1421 2130 1450 a

673 1465 810 1509 milite
834 1465 1048 1509 occiditur
1079 1465 1207 1518 (Iulii
1232 1464 1341 1519 12.).
1405 1465 1566 1510 Tribus
1587 1466 1741 1511 diebus
1775 1470 1875 1523 post
1900 1466 2132 1510 Geisericus

674 1524 844 1567 Romam
877 1526 1006 1568 intrat
1036 1534 1075 1568 et
1105 1538 1184 1582 per
1218 1525 1273 1568 14
1305 1525 1398 1569 dies
1431 1526 1596 1581 diripit,
1639 1539 1738 1569 cum
1778 1526 1931 1583 spoliis
1963 1526 2130 1569 multis-

673 1595 757 1640 que
788 1583 1008 1627 nobilibus
1042 1585 1228 1641 captivis
1260 1584 1333 1636 (in
1365 1585 1523 1641 quibus
1563 1587 1632 1628 est
1663 1585 1866 1628 Eudoxia
1897 1598 1995 1628 cum
2027 1584 2130 1629 filiis

555 1705 575 1748 1
645 1643 768 1747 Gvuiuig
770 1643 782 1685 i
788 1643 1071 1747 eiffnltsiuffugg
1074 1643 2129 1762 &31saepffipffifftosszffffgiggffiaffifflfienatus

673 1764 805 1815 esset,
838 1762 902 1804 Fl.
927 1762 1149 1805 Maecilius
1171 1762 1219 1806 ‘A
1230 1762 1438 1816 VITUS,
1470 1763 1680 1820 magister
1710 1763 1893 1807 militum
1925 1777 2004 1821 per
2033 1776 2130 1807 eam

670 1821 957 1878 provinciam,
978 1823 1069 1864 tum
1091 1821 1204 1866 forte
1227 1821 1415 1865 Tolosae
1437 1834 1633 1875 versans,
1665 1822 1919 1866 adhortante
1941 1827 1986 1866 et
2007 1824 2129 1867 auxi·

673 1880 779 1924 lium
798 1880 1036 1937 pollicente
1057 1894 1160 1939 rege
1179 1881 1467 1935 Theoderico,
1484 1894 1718 1940 purpuram
1736 1883 1870 1926 sumit
1890 1883 2007 1935 (Iulii
2028 1882 2127 1934 10.).

672 1939 848 1984 Arelate
889 1952 1109 1984 consensu
1147 1941 1468 1999 provinciarum
1511 1940 1681 1986 Galliae
1724 1941 2004 1986 confirmatus
2046 1942 2129 1986 Re·

673 2012 787 2043 mam
818 1997 1127 2057 proficiscitur.

732 2058 827 2102 Hoc
867 2058 1001 2103 ferme
1042 2062 1236 2118 tempore
1269 2060 1610 2117 Buryundiones,
1651 2063 1780 2103 antea
1817 2061 1862 2104 in
1901 2060 2128 2104 Helvetiae

676 2121 719 2162 et
750 2118 996 2162 Sabaudiae
1027 2119 1247 2163 montibus
1279 2119 1545 2174 habitantes,
1587 2121 1806 2177 permissu
1836 2120 2127 2164 Romanorum

675 2177 802 2222 sedes
834 2178 880 2222 in
910 2179 1111 2235 proxima
1141 2180 1276 2235 parte.
1298 2178 1467 2222 Galliae
1500 2180 1691 2236 capiunt.

185 2240 273 2286 456
341 2240 454 2286 1209
547 2238 574 2282 2
635 2237 801 2281 Romae
834 2236 926 2280 Cal.
958 2237 1048 2281 Ian.
1082 2237 1289 2282 Sidonius
1329 2237 1616 2296 Apollinaris,
1656 2252 1789 2295 gener
1827 2239 1945 2283 Aviti
1994 2239 2127 2296 impe·

515 2299 574 2357 ‘75
674 2297 830 2340 ratoris
862 2299 907 2341 et
936 2297 975 2340 h.
1010 2311 1046 2340 a.
1080 2297 1298 2351 consulis,
1338 2298 1652 2355 panegyricum
1683 2299 1851 2343 recitat.
1912 2298 2128 2342 vandalo·

673 2370 769 2400 rum
801 2356 956 2400 classis
989 2357 1107 2401 circa
1127 2357 1323 2401 Siciliam
1355 2371 1380 2401 a
1401 2358 1606 2400 Ricimere
1641 2358 1798 2403 comite
1830 2357 2026 2410 (Suevus
2057 2357 2125 2402 hic

674 2418 767 2459 erat
797 2428 981 2472 genere,
1021 2415 1100 2459 sed
1138 2429 1216 2472 per
1247 2419 1429 2460 matrem
1462 2415 1700 2460 Gothorum
1741 2430 1891 2474 regem
1923 2417 2126 2461 Walliam

672 2473 945 2531 attingebat)
991 2475 1194 2519 vincitur.
1275 2475 1322 2518 In
1364 2475 1575 2533 Hispania
1620 2479 1772 2519 contra
1811 2476 2004 2529 Suevos,
2051 2477 2126 2533 qui

674 2546 805 2591 saepe
843 2533 1111 2592 provinciam
1144 2534 1380 2578 Romanam
1413 2533 1874 2592 (Carthaginiensem,
1916 2535 2126 2579 Tarraco·

673 2591 882 2641 nensem)
919 2593 1116 2651 populati
1155 2596 1327 2647 essent,
1366 2594 1491 2638 iussu
1532 2594 1650 2638 Aviti
1684 2595 1983 2639 Theodericus
2026 2607 2125 2638 cum

673 2652 871 2696 exercitu
894 2651 1135 2697 Gothorum
1158 2656 1202 2697 et
1221 2653 1457 2698 foederatis
1479 2653 1865 2713 Burgundionibus
1886 2653 2125 2711 proficisci·

671 2715 763 2755 tur:
798 2721 947 2771 pugna
977 2712 1034 2756 ad
1063 2725 1232 2756 amnem
1258 2712 1465 2757 Urbicum
1496 2711 1612 2757 facta
1641 2713 1763 2766 (Oct.
1787 2713 1850 2766 5.)
1882 2713 2010 2756 Saevi
2039 2715 2124 2756 vin-

671 2780 814 2814 cuntur
855 2773 899 2815 et
937 2771 982 2815 in
1021 2771 1218 2816 ultimam
1251 2771 1500 2816 Galaeciam
1543 2773 1883 2831 compelluntur,
1921 2772 2122 2826 Bracara,

671 2843 823 2888 regum
855 2830 1007 2885 sedes,
1039 2832 1231 2889 capitur,
1264 2831 1519 2877 Rechiarius
1549 2833 1645 2889 ipse
1678 2831 1947 2876 interficitur.
2008 2832 2124 2882 (lor-

671 2889 799 2934 nand.
824 2889 878 2934 de
910 2889 999 2934 reb.
1024 2889 1122 2935 Get.
1146 2904 1183 2936 c.
1206 2890 1297 2943 44.)

728 2949 906 2997 Interim
938 2949 982 2993 in
1004 2949 1132 2995 Italia
1160 2951 1401 2995 coniuratio
1423 2950 1631 2996 adversus
1664 2951 1980 3009 imperatorem,
2012 2950 2122 2995 forte

669 3008 716 3054 in
757 3008 903 3053 Gallia
940 3009 1185 3063 absentem,
1227 3023 1359 3068 opera
1398 3010 1627 3054 Ricimeris
1671 3010 1784 3055 facta
1823 3014 1934 3054 erat:
1975 3011 2122 3053 Avitus

669 3068 920 3113 Placentiae
953 3072 1107 3127 captus
1140 3069 1340 3115 abdicare
1373 3069 1546 3126 cogitur
1577 3069 1699 3123 (Oct.
1727 3069 1828 3122 m),
1860 3070 1989 3126 paulo
2021 3074 2121 3127 post

668 3129 943 3173 interimitur.

183 3189 270 3236 457
336 3190 450 3235 1210
631 3190 732 3236 Cos.
759 3187 824 3232 1³⁸1.
852 3187 1140 3234 Constantino
1173 3191 1216 3231 et
1248 3187 1360 3232 Rufo
1392 3187 1436 3231 in
1470 3187 1645 3231 Oriente
1677 3187 1789 3240 (lun.
1814 3186 1906 3239 26.)
1939 3187 2120 3232 moritur

510 3249 570 3308 ’Ἰ
668 3247 936 3302 Marcianus3
975 3247 1255 3292 LEONEM
1286 3246 1304 3291 1
1344 3247 1538 3291 Thracem
1577 3247 1671 3290 sive
1705 3247 1923 3303 Maynum,
1965 3248 2118 3303 Aspar,

669 3307 878 3366 magister
907 3307 1106 3359 militum,
1138 3319 1236 3351 cum
1258 3318 1305 3350 se
1336 3306 1478 3364 ipsum
1501 3310 1676 3364 propter
1698 3306 1899 3350 Arinnam
1922 3306 2118 3350 haeresin

669 3366 831 3423 populo
862 3366 1048 3410 invisum
1083 3366 1278 3419 sentiret,
1311 3365 1352 3409 7.
1374 3365 1500 3410 Febr.
1533 3365 1833 3409 consentiente
1865 3369 2033 3418 seniatu,
2062 3365 2117 3409 ad

671 3438 884 3470 summum
917 3426 1121 3470 honorem
1155 3424 1372 3481 provehit:
1415 3426 1485 3469 cni
1518 3425 1654 3482 primo
1688 3437 1913 3478 coronam,
1945 3424 2117 3483 insigne

667 3484 854 3542 imperii,
884 3485 1128 3542 patriarcha
1150 3483 1656 3541 constantinopolitanus
1678 3484 1940 3541 imposuisse
1969 3483 2116 3528 fertur.

671 3543 887 3591 Occidens
933 3543 1097 3589 diutius
1137 3543 1232 3589 sine
1278 3543 1475 3603 principe
1521 3542 1625 3599 fuit,
1672 3556 1771 3589 nam
1811 3543 1894 3591 hoc
1944 3543 2116 3591 demum
