2392 4016
315 261 402 306 202
1091 260 1270 299 Annales
1301 262 1476 300 Romani

317 406 407 446 μῦ.
485 414 563 438 11.6.
630 405 716 445 imp.

800 451 847 492 in
879 449 1023 493 Gallia
1052 454 1189 493 terras
1221 450 1512 494 Arvernorum
1563 455 1607 494 61
1636 453 1879 508 Biturigum
1915 453 2170 509 (Auvergne
2209 458 2254 497 et

799 509 977 564 Berry),
1010 522 1120 564 quae
1154 509 1272 552 solae
1290 513 1423 553 ‘trans
1446 510 1639 566 Ligerim
1660 511 1854 555 Romano
1886 513 2036 555 comiti
2067 513 2250 564 (Paulo)

800 568 1030 623 parebant,
1062 570 1272 623 perpetuo
1302 568 1418 611 bello
1451 569 1662 612 exhaurit.
1723 570 1948 613 Auxilium
1979 572 2254 626 provinciali-

799 627 882 669 bus
911 629 1136 681 praestant
1155 627 1368 679 Britanni,
1399 631 1682 671 veruntamen
1703 641 1851 671 eorum
1881 644 1959 672 rex
1995 630 2250 674 Riothamus

800 685 842 726 h.
874 698 911 727 a.
944 686 991 727 in
1020 685 1292 741 Biturigibus
1326 700 1351 728 a
1384 685 1538 730 Gothis
1579 688 1782 730 vincitur.
1844 688 2044 731 Iornand.
2079 689 2131 731 de
2162 691 2268 733 rebe

803 742 900 786 Get.
933 756 970 786 c.
1003 743 1074 787 45.

317 804 401 847 471
469 802 583 846 1224
673 802 700 846 5
765 801 866 845 Cos.
896 802 985 845 Leo
1019 802 1133 858 Aug.
1164 802 1228 846 IV
1259 806 1303 846 et
1333 803 1516 846 Anicius
1556 802 1832 857 Probianus.)
1907 806 2170 848 Francorum
2209 810 2254 849 et

642 861 701 919 fg
798 861 1159 916 Burgundionum
1198 862 1362 904 auxilia
1402 876 1500 905 cum
1531 863 1775 918 Visigothis
1815 867 2030 919 pugnant,
2072 878 2151 907 nec
2190 868 2254 907 ta-

798 932 899 961 men
939 932 1013 962 eos
1045 920 1254 974 repellere
1301 924 1375 963 aut
1410 925 1596 989 possunt
1644 925 1718 964 aut
1755 923 1927 965 volunt.
1980 927 2131 966 contra
2167 925 2255 979 ipsi

803 989 973 1032 quoque
995 978 1195 1032 proxima
1225 991 1421 1034 quaeque
1451 981 1499 1022 in
1531 994 1654 1023 suam
1685 981 1901 1024 dicionem
1932 982 2130 1038 redigere
2163 987 2253 1025 stu-

760 1036 917 1088 dent.
978 1035 1334 1092 (Burgundiones
1364 1037 1704 1093 Lugdunensem
1732 1041 1916 1094 primam
1946 1044 1990 1083 61
2019 1042 2252 1084 Maximam

804 1084 1135 1149 Sequanorum.)

863 1152 1244 1208 Constantinopoli
1274 1154 1416 1209 Aspar
1436 1159 1498 1197 61
1527 1153 1714 1196 filiorum
1753 1157 1847 1199 eius
1887 1158 2102 1199 maximus
2134 1161 2253 1210 natu,

801 1211 1092 1264 Ardaburius,
1125 1213 1250 1255 iussu
1287 1213 1561 1268 imperatoris
1595 1213 1874 1267 occiduntur,
1906 1215 2122 1258 Patricius
2156 1229 2253 1259 sau-

803 1271 896 1313 cius
929 1271 1093 1322 evadit,
1133 1271 1469 1315 Hermenericus
1511 1275 1719 1315 servatur.
1779 1273 1986 1316 Nascitur
2024 1277 2168 1317 tamen
2200 1288 2256 1318 ex

803 1343 854 1371 ea
883 1342 929 1371 re
961 1330 1172 1372 tumultus
1204 1332 1588 1383 mercenariorum,
1621 1331 1730 1374 duce
1765 1332 2037 1375 Theodorico
2070 1334 2256 1384 (Triarii

801 1387 923 1440 filio),
958 1388 1198 1431 Gothorum
1227 1403 1346 1445 rege.

321 1448 409 1491 472
473 1446 587 1491 1225
681 1447 706 1489 6
769 1446 872 1489 Cos.
897 1447 1032 1490 Festo
1064 1451 1107 1490 et
1136 1448 1354 1490 Marciano
1386 1449 1576 1491 Ricimer
1607 1449 1748 1492 denuo
1781 1452 1875 1492 orta
1905 1450 2136 1503 discordia,
2166 1451 2255 1493 bel-

644 1520 698 1563 16
798 1506 889 1547 111111
920 1509 1071 1548 contra
1090 1506 1369 1549 Anthemium
1399 1510 1558 1560 movet,
1588 1508 1770 1550 Romam
1801 1522 1900 1551 cum
1921 1510 2115 1552 exercitu
2145 1510 2256 1564 petit

800 1567 844 1606 et
876 1565 1068 1617 obsidet,
1099 1566 1290 1607 Anicium
1326 1567 1403 1608 OL
1416 1567 1678 1608 YBRIUM
1701 1567 2080 1623 Constantinopoli
2110 1581 2253 1610 arces-

799 1624 932 1665 situm
952 1624 1257 1678 imperatorem
1280 1625 1586 1667 declarandum
1618 1628 1752 1668 curat.
1817 1626 1971 1676 (Mart.
1994 1626 2082 1677 23.)
2147 1626 2256 1669 Cum

799 1695 878 1736 per
915 1684 1004 1725 tres
1045 1683 1178 1724 ferme
1211 1696 1383 1726 menses
1414 1687 1654 1739 pugnatum
1694 1687 1834 1737 esset,
1873 1686 1976 1727 urbs
2008 1686 2054 1727 vi
2084 1687 2255 1741 capitur

802 1753 852 1782 ac
893 1740 1112 1795 diripitur,
1151 1740 1410 1784 Anthemius
1449 1743 1575 1793 (Iulii
1607 1742 1697 1794 11.)
1728 1742 2000 1786 interficitur.
2069 1744 2159 1787 Sed
2200 1758 2254 1787 ne

799 1799 1038 1841 victoribus
1071 1800 1246 1854 quidem
1283 1800 1482 1843 fortunae
1521 1801 1688 1843 fructus
1722 1802 1952 1844 diuturnus
1986 1803 2252 1855 conceditur,

799 1857 1148 1912 quandoquidem
1188 1859 1340 1901 eodem
1381 1872 1492 1902 anno
1532 1863 1718 1902 exeunte
1760 1863 1805 1902 et
1840 1861 2033 1903 Ricimer
2072 1864 2115 1903 et
2154 1862 2256 1916 Oly-

798 1916 919 1958 brius
952 1915 1069 1968 (Oct.
1093 1915 1186 1969 23.)
1218 1919 1366 1961 morbo
1398 1922 1593 1974 pereunt.
1654 1919 1707 1961 A.
1740 1919 1780 1961 d.
1811 1919 1840 1976 8
1870 1919 1933 1961 Id.
1956 1919 2066 1962 Nov.
2097 1921 2254 1976 ingens

799 1975 1051 2018 incendium
1088 1977 1250 2019 montis
1283 1977 1468 2020 Vesuvii
1509 1981 1597 2030 est,
1639 1979 1763 2020 cuius
1804 1979 1974 2020 cineres
2009 1977 2256 2021 Constanti-

798 2034 991 2089 nopolim
1022 2047 1161 2090 usque
1194 2035 1404 2078 feruntur.

311 2092 402 2135 473
467 2091 579 2135 1226
759 2093 982 2136 Mensibus
1005 2094 1170 2148 aliquot
1189 2095 1430 2138 interiectis
1453 2095 1592 2146 (Mart.
1610 2093 1675 2147 5.)
1697 2095 1776 2138 GL
1788 2096 2073 2148 YC'ERIUS,
2107 2109 2252 2139 comes

639 2150 699 2207 ᾖ
726 2181 729 2184 «
800 2151 1149 2205 domesticorum,
1179 2153 1414 2208 imperator
1436 2156 1620 2206 creatur,
1642 2155 1780 2209 copiis
1797 2154 2059 2196 Gundebaldi
2081 2156 2256 2210 patricii

801 2210 973 2252 adiutus
1007 2211 1152 2265 (quem
1174 2213 1359 2254 eundem
1383 2187 1706 2256 Gundibaldum
1726 2226 1876 2269 regem
1895 2214 2255 2269 Burgundionum

799 2268 976 2311 tradunt
1005 2269 1157 2322 fuisse,
1193 2269 1420 2314 Gundiaco
1453 2274 1575 2326 patre
1597 2273 1781 2323 mortuo,
1816 2285 1915 2314 cum
1945 2273 2083 2314 tribus
2114 2272 2255 2315 fratri-

797 2327 880 2370 bus
910 2327 1200 2383 regnantem.)
1706 2354 1710 2357 ·

859 2385 1238 2442 Constantinopoli
1274 2387 1426 2442 imper.
1456 2386 1561 2439 Leo,
1592 2389 1708 2430 vitae
1744 2387 1876 2430 finem
1908 2389 2254 2456 appropinquare

801 2445 1009 2498 sentiens,
1043 2458 1143 2487 cum
1164 2446 1385 2488 Zenonem
1405 2447 1566 2501 populo
1599 2449 1643 2488 et
1663 2448 1836 2502 generis
1859 2450 1903 2490 et
1932 2448 2100 2502 ingenii
2121 2461 2255 2490 causa

797 2504 988 2546 invisum
1019 2504 1405 2557 animadverteret,
1445 2508 1649 2560 nepotem
1681 2518 1807 2548 suum
1838 2519 1893 2548 ex
1922 2506 2134 2559 Ariadna,
2174 2507 2253 2548 Ze-

799 2563 926 2605 nonis
947 2554 1098 2614 filium,
1131 2563 1323 2606 Leonem
1345 2577 1528 2618 puerum
1547 2564 1796 2620 Augustum
1828 2567 1871 2607 et
1892 2565 2105 2619 collegam
2127 2578 2254 2607 suum

799 2620 1010 2664 declarat.
1044 2622 1099 2664 ad
1121 2621 1372 2666 Occidentis
1403 2623 1634 2677 imperium
1664 2623 1980 2678 capessendum
2000 2625 2152 2665 Iulium
2172 2625 2253 2666 Ne-

793 2689 940 2732 potem,
957 2680 1198 2724 Marcellini
1214 2682 1376 2724 sororis
1392 2681 1543 2734 filium,
1566 2687 1609 2724 et
1630 2681 1803 2725 affinem
1811 2683 1998 2727 Verinae
2006 2681 2248 2738 Augustae,

796 2739 843 2779 in
873 2739 1090 2782 Dalmatia
1118 2743 1377 2793 versantem,
1411 2741 1646 2796 compellit.

311 2795 401 2837 474
465 2795 577 2838 1227
674 2796 695 2838 1
758 2796 967 2839 NEPOS
983 2811 1095 2841 anno
1117 2799 1295 2841 ineunte
1305 2799 1557 2842 Ravennam
1576 2800 1784 2842 traiectus
1805 2800 2040 2855 imperator
2061 2799 2252 2842 declara-

796 2858 886 2898 tur:
921 2856 1154 2912 Glycerius
1176 2858 1340 2900 Romae
1364 2861 1532 2914 captus,
1556 2858 1752 2901 detonsis
1775 2859 1960 2913 capillis,
1990 2861 2110 2901 trans
2132 2872 2250 2900 mare

795 2915 1018 2970 relegatur
1057 2918 1101 2958 et
1132 2916 1319 2959 Salonae
1353 2918 1585 2972 episcopus
1617 2918 1874 2959 instituitur.
1935 2917 2107 2959 Interea
2138 2917 2249 2959 Con-

799 2974 1082 3029 stantinopoli
1101 2974 1191 3017 Leo
1222 2975 1244 3017 I
1265 2989 1414 3018 mense
1432 2976 1528 3018 1611.
1551 2979 1747 3018 mortuus
1781 2978 1886 3028 erat,
1919 2977 1991 3018 cui
2022 2989 2120 3019 cum
2152 2989 2250 3018 suc-

798 3033 1009 3075 cessisset
1028 3034 1117 3075 Leo
1149 3036 1296 3086 iunior,
1328 3035 1512 3089 placatis
1532 3036 1632 3076 ,iam
1653 3035 1813 3077 civium
1835 3035 2006 3087 animis,
2037 3035 2147 3077 nihil
2176 3048 2249 3077 an-

796 3091 961 3145 tiquius
992 3092 1156 3144 habuit,
1189 3105 1318 3147 quam
1348 3095 1398 3135 ut
1428 3094 1649 3136 Zenonem
1678 3096 1847 3148 patrem
1880 3094 2093 3149 collegam
2125 3107 2252 3136 suum

726 3185 728 3187 .
798 3151 841 3190 et
870 3149 1119 3206 Augustum
1148 3152 1432 3194 renuntiaret.

681 3206 703 3248 1
798 3206 951 3262 Itaque
973 3213 1206 3264 postquam
1226 3210 1317 3253 Leo
1338 3223 1446 3266 puer
1469 3210 1622 3253 eodem
1641 3210 1724 3253 hoc
1748 3222 1860 3253 anno
1892 3212 2077 3252 exeunte
2100 3211 2250 3253 morbo

799 3265 1004 3319 decessit,
1034 3268 1210 3310 ZENO
1239 3269 1358 3311 solus
1382 3269 1549 3312 Orienti
1578 3271 1765 3324 praeest.
1819 3266 1951 3321 (Eius
1978 3282 2175 3324 regnum,
2208 3272 2252 3311 et

795 3300 1004 3368 Basilisci
1042 3327 1286 3369 defectione
1325 3330 1370 3370 61
1405 3328 1687 3371 barbarorum
1723 3327 2078 3382 populationibus
2115 3328 2251 3370 turbi-

798 3382 914 3436 dum,
944 3384 1012 3427 his
1043 3386 1204 3428 tabulis
1237 3387 1456 3441 explicare
1488 3399 1575 3429 non
1607 3389 1676 3429 est
1707 3386 1880 3428 consilii
1910 3387 2080 3436 nostri.)

311 3437 399 3481 475
463 3438 576 3482 1228
669 3439 695 3482 2
757 3440 904 3496 Nepos
945 3443 1028 3485 hoc
1068 3457 1181 3486 anno
1222 3457 1322 3486 cum
1351 3445 1532 3497 Eurico,
1563 3445 1893 3500 visigothorum
1930 3458 2057 3501 rege,
2095 3456 2247 3499 pacem

794 3513 872 3554 per
901 3501 1192 3556 Epiphanium
1226 3504 1480 3559 episcopum
1512 3504 1753 3571 componit,
1786 3503 1865 3546 sed
1895 3516 1947 3545 ea
1978 3503 2244 3552 condicione,

795 3561 845 3600 ut
875 3557 1079 3612 Arverni,
1111 3563 1308 3616 quamvis
1340 3562 1509 3604 fortiter
1541 3565 1679 3604 semet
1716 3562 1803 3616 ipsi
1843 3561 2159 3611 defendissent,
2199 3561 2246 3602 111

795 3616 965 3659 (11610116
999 3617 1238 3662 Gothorum
1269 3623 1430 3662 essent.
1493 3621 1644 3675 Itaque
1676 3620 1814 3661 Roma
1851 3620 1896 3660 in
1930 3618 2116 3660 Galliam
2146 3619 2244 3660 11111-
