2392 4016
18 3467 26 3508 ἕ

18 3516 44 3719 ἐξ

935 188 1129 228 historiae
1159 189 1321 228 veteris.
2004 198 2092 232 xlx

161 339 359 381 mrsu
387 339 614 394 Atym«
634 335 824 392 (optima
852 336 955 380 edit.
990 335 1228 388 Haokiana,
1259 335 1399 391 Lugd.
1432 335 1526 379 nat.
1565 335 1670 379 1671
1708 323 1763 380 1‘1.
1794 335 1837 379 s.
1869 349 1969 381 oum
1998 350 2092 380 oru-

161 410 391 455 ditissimis
422 412 469 454 et
498 407 663 465 insigni
693 406 821 451 laude
852 407 1124 464 dignissimis
1156 406 1511 451 annotationibus
1537 407 1769 451 casauboni
1789 412 1833 452 et
1852 409 2091 460 salmasii),

158 483 236 539 qni
266 484 374 539 quot
402 481 565 526 fuerint
594 492 774 524 numero
806 482 852 524 et
881 493 990 536 quas
1021 481 1207 537 quisque
1238 480 1351 523 vitas
1383 479 1624 535 scripserit,
1656 491 1754 522 cum
1785 480 1961 524 codices
1989 494 2091 525 mss.

158 555 315 599 mirum
345 555 552 610 qnantum
584 553 861 604 dissentiant,
900 553 1092 597 nondum
1121 552 1272 608 liquet.
1333 550 1626 595 Numerantur
1656 551 1786 606 vulgo
1819 565 1912 604 sex,
1952 555 2094 596 Aelius

159 627 424 682 Spartianus,
463 625 610 669 Aelius
638 625 920 680 Lampridius,
967 626 1103 668 Iulius
1137 624 1407 680 Capitolinus,
1450 624 1662 667 Vulcatius
1697 624 1952 677 Gallicanus,
2001 625 2093 667 Tro

161 700 308 744 ballius
327 699 477 751 Pollio,
506 698 682 741 Flavius
705 698 916 753 Vopiscus,
948 697 1003 741 ab
1034 698 1185 754 eisque
1217 697 1407 753 scriptae
1438 700 1541 741 sunt
1569 696 1685 740 vitae
1715 696 2019 752 imperatorum
2041 698 2094 738 ab

157 771 377 816 Hadriano
408 782 548 827 usque
579 769 635 814 ad
666 769 824 814 Carum
857 771 1038 826 eiusque
1069 769 1184 814 filios
1218 768 1422 814 Carinum
1455 772 1501 813 et
1530 768 1858 819 Numerianum,
1898 769 2094 824 exceptis

157 842 454 887 tantummodo
485 842 688 899 Philippo
720 844 766 886 et
793 842 945 887 Decio.
1017 842 1107 886 Sed
1137 842 1281 886 critici
1323 844 1427 886 sunt
1457 841 1606 898 magni
1637 840 1848 892 nominis,
1887 840 1963 896 qui
1992 853 2095 884 eun-

158 915 257 959 dem
286 913 423 959 fuisse
455 914 736 972 Spartianum
769 918 898 971 atque
919 914 1218 971 Lampridium
1250 914 1495 970 opinentur,
1527 915 1657 957 immo
1693 913 1933 957 Salmasius
1966 914 2094 956 etiam

149 986 352 1034 ‚Vulcatii
382 986 600 1032 Gallicani
642 999 802 1031 nomen
840 987 978 1041 delet,
1019 987 1095 1043 qui
1126 986 1363 1044 singularis
1401 986 1539 1030 libelli
1576 985 1629 1029 de
1661 986 1753 1029 vita
1781 987 1928 1029 Avidii
1961 986 2098 1028 Cassii

155 1061 309 1105 auctor
339 1059 503 1113 fertur,
553 1062 599 1104 et
635 1060 690 1104 ab
731 1072 818 1104 nno
858 1061 1073 1117 scriptore
1112 1060 1342 1116 spartiano
1386 1059 1627 1113 Lampridio
1665 1070 1817 1102 omnes
1855 1071 1931 1103 eas
1970 1059 2095 1110 vitas,

159 1145 271 1190 qnae
302 1131 359 1176 ad
387 1132 499 1177 hanc
529 1132 757 1189 periodum
787 1133 1021 1189 pertinent,
1050 1131 1270 1188 profectas
1301 1143 1400 1175 esse
1430 1130 1608 1175 iudicat.

273 1205 499 1260 Septimum
524 1206 736 1261 periodum
768 1204 855 1250 215
887 1217 1099 1248 annornm
1129 1204 1328 1256 fecimus,
1371 1217 1398 1246 a
1430 1202 1667 1247 Commodo
1700 1215 1837 1259 usque
1869 1202 1925 1246 ad
1956 1203 2096 1247 Theo·

158 1277 274 1323 dosii
310 1279 522 1331 mortem,
561 1290 674 1321 anno
705 1291 747 1334 p.
781 1276 883 1322 chr.
916 1280 1003 1320 nat.
1036 1276 1144 1330 395,
1186 1278 1232 1320 in
1271 1289 1357 1333 qua
1395 1275 1574 1332 periodo
1614 1276 1771 1319 mirum
1809 1277 1881 1318 est
1917 1278 2024 1330 quot
2053 1279 2097 1316 et

158 1352 347 1408 quantae
385 1349 713 1395 vicissitudines
752 1349 950 1393 fortunae
989 1349 1164 1392 fuerint.
1232 1348 1412 1391 Militiae
1444 1347 1665 1391 Romanae
1703 1347 1841 1391 honos
1872 1360 1971 1390 cum
2002 1347 2097 1390 bar·

156 1423 277 1468 baris
309 1423 668 1475 communicatus,
699 1434 802 1465 mox
835 1422 1011 1466 omnino
1042 1420 1263 1477 proditus;
1296 1421 1475 1463 senatus
1508 1418 1745 1463 auctoritas
1778 1419 1987 1471 extincta,
2019 1420 2096 1462 mi-

155 1495 282 1540 litum
312 1494 521 1551 suffragia
550 1494 783 1547 dominari3
824 1494 1117 1550 imperatores
1149 1493 1305 1549 partim
1345 1492 1545 1536 beluinae
1587 1489 1773 1534 feritatis
1805 1503 1856 1534 ac
1889 1490 2096 1542 libidinis,

155 1567 313 1624 partim
343 1567 666 1611 illustrissimae
698 1566 893 1619 virtutis;
926 1563 1175 1609 Christiana
1203 1565 1360 1621 religio
1391 1564 1445 1607 ab
1477 1563 1576 1606 aliis
1600 1575 1812 1619 oppressa
1833 1566 1879 1607 et
1898 1563 1992 1619 igni
2013 1562 2094 1606 ier-

155 1653 294 1697 roque
327 1641 563 1698 exagitata,
594 1651 697 1683 mox
728 1638 902 1696 publice
933 1640 1116 1695 accepta
1145 1640 1191 1681 et
1220 1638 1470 1693 contempto
1500 1638 1646 1679 vetere
1677 1635 1858 1678 deorum
1887 1634 2007 1678 cultu
2028 1647 2096 1678 ce-

151 1712 348 1766 ·lebrata3
388 1712 667 1756 barbarorum
699 1724 777 1768 per
809 1723 980 1754 omnem
1011 1713 1223 1754 terrarum
1255 1710 1404 1753 orbem
1436 1708 1720 1760 vastationes,
1759 1719 1910 1751 rursus
1943 1719 2095 1750 eorun-

156 1785 256 1830 dem
287 1784 446 1830 caedes
477 1797 529 1828 ac
557 1784 723 1828 ruinae.
779 1783 870 1828 Sed
898 1784 1007 1827 nihil
1037 1795 1174 1839 aeque
1197 1781 1346 1825 mirari
1366 1781 1612 1837 quempiam
1635 1780 1803 1832 subeat,
1834 1792 1964 1835 quam
1985 1779 2097 1823 unde

151 1857 264 1903 haec
294 1859 418 1902 tanta
445 1856 578 1901 fuerit
610 1869 690 1912 per
719 1855 852 1900 hasce
882 1856 1034 1899 turbas
1064 1855 1111 1898 in
1142 1855 1337 1898 omnium
1368 1854 1524 1897 animis
1560 1852 1732 1909 imperii
1763 1852 1946 1895 Romani
1978 1864 2097 1894 reve·

155 1930 298 1975 rentia
313 1962 326 1984 ,
364 1942 466 1975 cum
504 1929 702 1986 quamvis
739 1927 867 1972 multi
905 1926 1093 1983 singulis
1130 1927 1177 1970 in
1214 1926 1324 1971 locis
1359 1926 1601 1970 existerent
1637 1937 1831 1968 summae
1870 1923 2096 1980 dignitatis

150 2001 448 2055 affectatores,
480 2001 562 2045 hoc
593 2003 739 2044 tamen
761 1999 961 2043 omnibus
983 2011 1242 2056 persuasum
1263 2001 1396 2052 esset,
1430 2011 1564 2042 unum
1585 2009 1684 2041 esse
1706 1997 1949 2053 imperium,
1982 1995 2098 2053 quod

158 2073 309 2119 divelli
338 2086 420 2118 nec
451 2075 617 2131 posset,
648 2085 728 2116 nec
761 2071 850 2116 ulla
878 2072 1047 2115 ratione
1077 2071 1242 2116 liceret.

276 2146 399 2191 Inter
428 2147 630 2190 auctores
661 2157 804 2188 rerum
836 2146 1060 2200 gestarum
1091 2144 1232 2201 primo
1253 2144 1352 2187 loco
1373 2142 1587 2186 nominari
1608 2143 1781 2198 oportet
1800 2142 1974 2184 Dionem
2001 2141 2098 2183 Cas·

158 2219 277 2271 siunt,
308 2218 384 2274 qui
413 2217 640 2262 historiam
660 2216 900 2260 Romanam
930 2228 1068 2272 usque
1099 2215 1156 2260 ad
1186 2229 1224 2259 a.
1258 2215 1345 2261 229
1377 2218 1423 2259 et
1452 2214 1678 2271 imperium
1701 2214 1936 2257 Alexandri
1954 2215 2100 2256 Severi

160 2290 358 2344 deduxit,
397 2302 499 2334 cum
529 2289 634 2334 alibi
665 2301 752 2333 non
783 2288 1144 2341 contemnendus,
1183 2290 1276 2332 tum
1306 2289 1352 2331 in
1382 2288 1464 2332 hac
1495 2286 1640 2343 operis
1672 2289 1793 2343 parte
1824 2286 1951 2330 testis
1983 2286 2097 2329 locu-

160 2362 454 2421 pletissimus,
490 2375 579 2419 qua
619 2361 726 2419 quid
762 2362 857 2419 ipse
896 2361 1056 2405 viderit
1095 2363 1139 2405 et
1177 2374 1279 2405 vero
1321 2361 1452 2405 etiam
1491 2359 1652 2416 egerit,
1693 2358 1940 2415 descripsit.
2012 2358 2098 2402 Sed

161 2435 278 2490 eius,
301 2437 352 2479 nt
381 2447 517 2492 supra
546 2434 711 2479 dictum
742 2436 825 2487 est,
857 2434 1076 2491 epitomen
1106 2431 1404 2478 tantummodo
1436 2431 1638 2488 legimus,
1676 2430 1826 2474 utilem
1857 2430 1976 2474 illam
2008 2431 2098 2486 qui-

162 2506 275 2561 dem,
307 2507 388 2552 sed
414 2507 525 2552 nihil
555 2507 611 2551 ad
642 2519 789 2551 verum
812 2507 1010 2551 Dionem.
1058 2505 1210 2562 Itaque
1243 2504 1435 2561 saepius,
1467 2516 1597 2560 quam
1618 2502 1811 2558 alioquin
1834 2515 1944 2560 opus
1967 2506 2098 2554 esset,

161 2579 480 2636 respiciendum
511 2583 580 2625 est
609 2580 664 2624 ad
685 2580 980 2631 Herodianum,
1012 2577 1086 2634 qui
1117 2580 1162 2620 et
1191 2577 1286 2633 ipse
1309 2575 1476 2620 Graece
1508 2576 1607 2619 octo
1638 2575 1760 2618 libris
1792 2575 2017 2618 historiam
2041 2574 2098 2618 59

160 2666 399 2707 annorum,
438 2654 492 2698 ab
522 2652 649 2697 initio
680 2651 809 2696 huius
841 2649 1012 2707 periodi
1042 2651 1231 2701 nostrae,
1272 2648 1301 2692 i.
1318 2660 1357 2692 e.
1389 2661 1415 2690 a
1444 2646 1531 2690 fine
1560 2646 1663 2704 imp.
1695 2646 1844 2699 Marci,
1877 2658 2013 2703 usque
2046 2646 2099 2689 ad

163 2725 337 2771 initium
366 2725 487 2770 tertii
518 2724 729 2770 Gordiani
757 2723 821 2767 ita
851 2723 1042 2779 scripsit,
1086 2725 1133 2765 ut
1164 2722 1374 2765 lectorum
1406 2720 1614 2764 honestae
1647 2718 1927 2763 delectationi
1958 2718 2099 2774 magis

146 2809 294 2854 qnam
332 2796 594 2841 accuratiori
630 2796 937 2840 historicorum
989 2794 1135 2838 studio
1174 2792 1449 2838 consuluisse
1489 2790 1728 2843 videretur,
1777 2803 1917 2847 neque
1956 2795 2099 2834 tamen

163 2881 308 2915 rernm
337 2868 467 2912 fidem
497 2868 755 2926 negligeret.
802 2867 893 2912 Iam
924 2879 1027 2911 vero
1060 2866 1313 2912 Latinorum
1343 2865 1604 2922 scriptorum
1635 2863 1824 2921 (praeter
1844 2863 2099 2919 Eutropium

165 2945 213 2986 et
231 2941 433 2987 Victores
441 2940 459 2992 )
499 2941 584 2986 soli
612 2943 832 2997 scriptores
871 2940 1065 2983 historiae
1094 2939 1311 2996 Aequine
1347 2940 1522 2995 praesto
1562 2940 1686 2989 sunt,
1730 2935 1784 2979 de
1823 2936 1981 2992 quibus
2013 2936 2099 2979 sin·

164 3013 284 3071 gulis
306 3014 347 3058 si
366 3014 449 3058 hoc
470 3012 569 3057 loco
591 3025 811 3072 exponere
831 3013 1058 3067 vellemus,
1088 3012 1205 3057 iusto
1225 3011 1399 3068 longior
1419 3009 1657 3067 disputatio
1678 3012 1799 3052 esset
1819 3007 2098 3052 instituenda.

159 3083 259 3131 flod
286 3085 370 3130 hoo
402 3084 559 3129 addere
589 3085 742 3139 debeo,
782 3086 899 3143 quod
928 3085 1004 3130 diu
1035 3084 1259 3130 versandis
1290 3084 1412 3128 hisce
1443 3082 1567 3126 libris
1598 3081 1871 3124 intellexisse
1903 3080 2098 3136 mihi,vi-

165 3154 296 3211 deor,
335 3169 598 3215 magnopere
628 3156 721 3203 iani
746 3157 1032 3212 Salmasium,
1072 3157 1147 3214 qui
1177 3156 1398 3212 opinetur,
1430 3154 1620 3197 omnium
1651 3153 1956 3210 imperatorum
1990 3152 2100 3194 vitas

171 3239 309 3284 nsque
341 3228 396 3272 ad
423 3227 721 3274 Alexandrum
750 3229 961 3275 Severum
999 3230 1054 3274 ab
1086 3240 1172 3272 uno
1205 3227 1418 3283 scriptore
1449 3227 1568 3269 Aelio
1598 3225 1827 3281 Spar-tiano
1858 3224 2100 3278 Lampridio

171 3299 391 3358 profectas
422 3313 535 3346 esse.
586 3300 699 3346 Nam
729 3301 770 3347 si
799 3302 899 3359 quis
930 3302 1062 3345 ullam
1094 3300 1181 3343 vim
1213 3299 1258 3343 in
1288 3298 1536 3343 huiusmodi
1571 3298 1699 3342 rebus
1731 3295 1892 3340 iudicio
1915 3296 2100 3353 legentis

170 3372 362 3417 tribuere
403 3373 529 3427 velit,
566 3372 763 3431 profecto
800 3374 1016 3427 inveniet,
1058 3375 1226 3416 tantum
1258 3383 1357 3417 esse
1395 3370 1628 3415 discrimen
1670 3370 1782 3413 inter
1814 3369 1947 3422 vitas,
1989 3381 2100 3424 quae

169 3445 253 3490 sub
283 3446 457 3489 nomine
486 3445 724 3503 Lampridii
763 3445 959 3492 suuntur
988 3445 1227 3502 (imprimis
1257 3442 1506 3497 Commodi,
1538 3442 1832 3499 Heliogabali,
1864 3441 2100 3486 Alexandri

172 3516 364 3571 Severi),
395 3521 442 3562 et
469 3518 584 3562 inter
615 3531 706 3572 eas,
737 3529 847 3575 quae
878 3517 1110 3575 Spartiano
1142 3517 1403 3570 tribuuntur,
1435 3521 1483 3560 ut
1513 3515 1707 3559 eiusdem
1739 3514 1930 3559 auctoris
1962 3519 2099 3556 utrae·

155 3600 256 3646 >qne
287 3601 386 3634 esse
415 3593 645 3647 nequeant.
717 3589 932 3635 Nimirum
962 3589 1214 3646 Spartianus
1244 3588 1474 3634 mediocris
1506 3591 1575 3632 est
1605 3587 1803 3645 scriptor,
1835 3586 2101 3641 Lampridius
