<?xml version="1.0" encoding="UTF-8"?>
<!DOCTYPE html PUBLIC "-//W3C//DTD XHTML 1.0 Transitional//EN"
    "http://www.w3.org/TR/xhtml1/DTD/xhtml1-transitional.dtd">
<html xmlns="http://www.w3.org/1999/xhtml" xml:lang="en" lang="en">
 <head>
  <title>
</title>
<meta http-equiv="Content-Type" content="text/html;charset=utf-8" />
  <meta name='ocr-system' content='tesseract 3.04.00' />
  <meta name='ocr-capabilities' content='ocr_page ocr_carea ocr_par ocr_line ocrx_word'/>
</head>
<body>
  <div class='ocr_page' id='page_1' title='image "annalesveterumre00zumpuoft_0072.png"; bbox 0 0 2392 4016; ppageno 0'>
   <div class='ocr_carea' id='block_1_1' title="bbox 247 200 1465 251">
    <p class='ocr_par' dir='ltr' id='par_1_1' title="bbox 247 200 1465 251">
     <span class='ocr_line' id='line_1_1' title="bbox 247 200 1465 251; baseline 0 -12"><span class='ocrx_word' id='word_1_1' title='bbox 247 204 306 248; x_wconf 68' lang='lat'>42</span> <span class='ocrx_word' id='word_1_2' title='bbox 958 202 1174 251; x_wconf 80' lang='lat' dir='ltr'>Imperium</span> <span class='ocrx_word' id='word_1_3' title='bbox 1207 200 1465 240; x_wconf 80' lang='lat' dir='ltr'>Graecorum.</span> 
     </span>
    </p>
   </div>
   <div class='ocr_carea' id='block_1_2' title="bbox 248 389 1843 1095">
    <p class='ocr_par' dir='ltr' id='par_1_2' title="bbox 251 389 1843 566">
     <span class='ocr_line' id='line_1_2' title="bbox 251 389 1839 447; baseline -0.002 -11"><span class='ocrx_word' id='word_1_4' title='bbox 251 392 414 436; x_wconf 82' lang='lat' dir='ltr'>Achaei</span> <span class='ocrx_word' id='word_1_5' title='bbox 447 394 538 435; x_wconf 91' lang='lat' dir='ltr'>suis</span> <span class='ocrx_word' id='word_1_6' title='bbox 571 391 730 436; x_wconf 90' lang='lat' dir='ltr'>finibus</span> <span class='ocrx_word' id='word_1_7' title='bbox 763 405 812 435; x_wconf 90' lang='lat' dir='ltr'>se</span> <span class='ocrx_word' id='word_1_8' title='bbox 843 393 1088 445; x_wconf 87' lang='lat' dir='ltr'>continere,</span> <span class='ocrx_word' id='word_1_9' title='bbox 1127 395 1172 435; x_wconf 90' lang='lat' dir='ltr'>et</span> <span class='ocrx_word' id='word_1_10' title='bbox 1203 391 1432 443; x_wconf 83' lang='lat' dir='ltr'>Corintho,</span> <span class='ocrx_word' id='word_1_11' title='bbox 1472 389 1626 447; x_wconf 80' lang='lat' dir='ltr'>Argis,</span> <span class='ocrx_word' id='word_1_12' title='bbox 1669 391 1839 447; x_wconf 79' lang='lat' dir='ltr'>Sparta,</span> 
     </span>
     <span class='ocr_line' id='line_1_3' title="bbox 309 450 1843 504; baseline -0.002 -9"><span class='ocrx_word' id='word_1_13' title='bbox 309 452 592 504; x_wconf 81' lang='lat' dir='ltr'>Orchomeno,</span> <span class='ocrx_word' id='word_1_14' title='bbox 623 451 835 495; x_wconf 85' lang='lat' dir='ltr'>Heraclea</span> <span class='ocrx_word' id='word_1_15' title='bbox 856 451 1066 494; x_wconf 80' lang='lat' dir='ltr'>excedere</span> <span class='ocrx_word' id='word_1_16' title='bbox 1088 451 1212 503; x_wconf 90' lang='lat' dir='ltr'>iussi,</span> <span class='ocrx_word' id='word_1_17' title='bbox 1243 450 1489 493; x_wconf 85' lang='lat' dir='ltr'>exacerbati</span> <span class='ocrx_word' id='word_1_18' title='bbox 1509 451 1670 494; x_wconf 88' lang='lat' dir='ltr'>bellum</span> <span class='ocrx_word' id='word_1_19' title='bbox 1691 453 1843 493; x_wconf 91' lang='lat' dir='ltr'>contra</span> 
     </span>
     <span class='ocr_line' id='line_1_4' title="bbox 309 510 1130 566; baseline 0 -14"><span class='ocrx_word' id='word_1_20' title='bbox 309 511 562 566; x_wconf 82' lang='lat' dir='ltr'>Spartanos,</span> <span class='ocrx_word' id='word_1_21' title='bbox 594 510 719 554; x_wconf 75' lang='lat' dir='ltr'>Rom.</span> <span class='ocrx_word' id='word_1_22' title='bbox 752 511 921 563; x_wconf 85' lang='lat' dir='ltr'>socios,</span> <span class='ocrx_word' id='word_1_23' title='bbox 954 512 1130 552; x_wconf 91' lang='lat' dir='ltr'>movent</span> 
     </span>
    </p>

    <p class='ocr_par' dir='ltr' id='par_1_3' title="bbox 248 567 1841 742">
     <span class='ocr_line' id='line_1_5' title="bbox 248 567 1841 623; baseline -0.001 -11"><span class='ocrx_word' id='word_1_24' title='bbox 248 570 385 612; x_wconf 89' lang='lat' dir='ltr'>Iidem</span> <span class='ocrx_word' id='word_1_25' title='bbox 409 569 627 612; x_wconf 81' lang='lat' dir='ltr'>Thebanis</span> <span class='ocrx_word' id='word_1_26' title='bbox 659 571 704 612; x_wconf 85' lang='lat' dir='ltr'>et</span> <span class='ocrx_word' id='word_1_27' title='bbox 727 568 1087 612; x_wconf 83' lang='lat' dir='ltr'>Chalcidensibus</span> <span class='ocrx_word' id='word_1_28' title='bbox 1109 569 1154 611; x_wconf 94' lang='lat' dir='ltr'>in</span> <span class='ocrx_word' id='word_1_29' title='bbox 1175 569 1321 623; x_wconf 88' lang='lat' dir='ltr'>partes</span> <span class='ocrx_word' id='word_1_30' title='bbox 1342 567 1564 623; x_wconf 90' lang='lat' dir='ltr'>perductis</span> <span class='ocrx_word' id='word_1_31' title='bbox 1587 568 1841 611; x_wconf 84' lang='lat' dir='ltr'>Heracleam</span> 
     </span>
     <span class='ocr_line' id='line_1_6' title="bbox 309 626 1841 684; baseline -0.001 -13"><span class='ocrx_word' id='word_1_32' title='bbox 309 630 576 684; x_wconf 89' lang='lat' dir='ltr'>oppugnant,</span> <span class='ocrx_word' id='word_1_33' title='bbox 609 628 687 671; x_wconf 87' lang='lat' dir='ltr'>sed</span> <span class='ocrx_word' id='word_1_34' title='bbox 719 642 744 670; x_wconf 89' lang='lat' dir='ltr'>a</span> <span class='ocrx_word' id='word_1_35' title='bbox 764 628 936 671; x_wconf 92' lang='lat' dir='ltr'>Metello</span> <span class='ocrx_word' id='word_1_36' title='bbox 971 627 1025 670; x_wconf 93' lang='lat' dir='ltr'>ad</span> <span class='ocrx_word' id='word_1_37' title='bbox 1057 627 1345 683; x_wconf 88' lang='lat' dir='ltr'>Scarphaeam</span> <span class='ocrx_word' id='word_1_38' title='bbox 1377 627 1421 669; x_wconf 92' lang='lat' dir='ltr'>in</span> <span class='ocrx_word' id='word_1_39' title='bbox 1445 626 1629 682; x_wconf 87' lang='lat' dir='ltr'>Locride</span> <span class='ocrx_word' id='word_1_40' title='bbox 1661 629 1705 669; x_wconf 87' lang='lat' dir='ltr'>et</span> <span class='ocrx_word' id='word_1_41' title='bbox 1727 627 1841 683; x_wconf 89' lang='lat' dir='ltr'>apud</span> 
     </span>
     <span class='ocr_line' id='line_1_7' title="bbox 309 686 1499 742; baseline -0.002 -12"><span class='ocrx_word' id='word_1_42' title='bbox 309 687 602 730; x_wconf 84' lang='lat' dir='ltr'>Chaeroneam</span> <span class='ocrx_word' id='word_1_43' title='bbox 634 687 879 730; x_wconf 87' lang='lat' dir='ltr'>vincuntur.</span> <span class='ocrx_word' id='word_1_44' title='bbox 945 686 1162 730; x_wconf 82' lang='lat' dir='ltr'>Critolaus</span> <span class='ocrx_word' id='word_1_45' title='bbox 1195 700 1352 742; x_wconf 83' lang='grc' dir='ltr'><em>στρατ.</em></span> <span class='ocrx_word' id='word_1_46' title='bbox 1386 686 1499 741; x_wconf 90' lang='lat' dir='ltr'>perit</span> 
     </span>
    </p>

    <p class='ocr_par' dir='ltr' id='par_1_4' title="bbox 249 744 1841 918">
     <span class='ocr_line' id='line_1_8' title="bbox 249 744 1839 801; baseline -0.001 -14"><span class='ocrx_word' id='word_1_47' title='bbox 249 747 467 788; x_wconf 82' lang='lat' dir='ltr'>Mummius</span> <span class='ocrx_word' id='word_1_48' title='bbox 499 758 588 788; x_wconf 89' lang='lat' dir='ltr'>cos.</span> <span class='ocrx_word' id='word_1_49' title='bbox 618 746 741 789; x_wconf 85' lang='lat' dir='ltr'>Rom.</span> <span class='ocrx_word' id='word_1_50' title='bbox 775 746 1084 801; x_wconf 84' lang='lat' dir='ltr'>superveniens</span> <span class='ocrx_word' id='word_1_51' title='bbox 1113 744 1385 788; x_wconf 86' lang='lat' dir='ltr'>Achaeorum</span> <span class='ocrx_word' id='word_1_52' title='bbox 1416 744 1655 787; x_wconf 83' lang='lat' dir='ltr'>exercitum</span> <span class='ocrx_word' id='word_1_53' title='bbox 1686 757 1839 787; x_wconf 90' lang='lat' dir='ltr'>recens</span> 
     </span>
     <span class='ocr_line' id='line_1_9' title="bbox 310 802 1841 860; baseline -0.002 -12"><span class='ocrx_word' id='word_1_54' title='bbox 310 805 541 848; x_wconf 90' lang='lat' dir='ltr'>collectum</span> <span class='ocrx_word' id='word_1_55' title='bbox 575 805 657 856; x_wconf 88' lang='grc'>(14</span> <span class='ocrx_word' id='word_1_56' title='bbox 688 804 809 848; x_wconf 89' lang='lat' dir='ltr'>milia</span> <span class='ocrx_word' id='word_1_57' title='bbox 838 804 1047 860; x_wconf 87' lang='lat' dir='ltr'>peditum,</span> <span class='ocrx_word' id='word_1_58' title='bbox 1087 803 1175 847; x_wconf 83' lang='lat'>600</span> <span class='ocrx_word' id='word_1_59' title='bbox 1206 802 1400 859; x_wconf 84' lang='lat' dir='ltr'>equites)</span> <span class='ocrx_word' id='word_1_60' title='bbox 1434 806 1478 846; x_wconf 90' lang='lat' dir='ltr'>et</span> <span class='ocrx_word' id='word_1_61' title='bbox 1508 803 1690 846; x_wconf 88' lang='lat' dir='ltr'>Diaeum</span> <span class='ocrx_word' id='word_1_62' title='bbox 1720 816 1841 858; x_wconf 89' lang='lat' dir='ltr'>prae-</span> 
     </span>
     <span class='ocr_line' id='line_1_10' title="bbox 308 862 1839 918; baseline -0.001 -13"><span class='ocrx_word' id='word_1_63' title='bbox 308 867 446 906; x_wconf 87' lang='lat' dir='ltr'>torem</span> <span class='ocrx_word' id='word_1_64' title='bbox 478 863 534 906; x_wconf 87' lang='lat' dir='ltr'>ad</span> <span class='ocrx_word' id='word_1_65' title='bbox 556 862 810 907; x_wconf 89' lang='lat' dir='ltr'>Corinthum</span> <span class='ocrx_word' id='word_1_66' title='bbox 842 863 1046 916; x_wconf 89' lang='lat' dir='ltr'>devincit,</span> <span class='ocrx_word' id='word_1_67' title='bbox 1078 863 1229 906; x_wconf 90' lang='lat' dir='ltr'>urbem</span> <span class='ocrx_word' id='word_1_68' title='bbox 1260 862 1475 906; x_wconf 82' lang='lat' dir='ltr'>desertam</span> <span class='ocrx_word' id='word_1_69' title='bbox 1495 863 1683 918; x_wconf 78' lang='lat' dir='ltr'>capitae</span> <span class='ocrx_word' id='word_1_70' title='bbox 1706 862 1839 905; x_wconf 90' lang='lat' dir='ltr'>diruit</span> 
     </span>
    </p>

    <p class='ocr_par' dir='ltr' id='par_1_5' title="bbox 252 921 1843 1095">
     <span class='ocr_line' id='line_1_11' title="bbox 252 921 1843 977; baseline 0.001 -13"><span class='ocrx_word' id='word_1_71' title='bbox 252 922 493 965; x_wconf 89' lang='lat' dir='ltr'>Concilium</span> <span class='ocrx_word' id='word_1_72' title='bbox 526 921 796 965; x_wconf 86' lang='lat' dir='ltr'>Achaeorum</span> <span class='ocrx_word' id='word_1_73' title='bbox 828 922 1015 974; x_wconf 89' lang='lat' dir='ltr'>tollitur,</span> <span class='ocrx_word' id='word_1_74' title='bbox 1055 922 1184 965; x_wconf 89' lang='lat' dir='ltr'>urbes</span> <span class='ocrx_word' id='word_1_75' title='bbox 1215 922 1351 964; x_wconf 87' lang='lat' dir='ltr'>muris</span> <span class='ocrx_word' id='word_1_76' title='bbox 1382 922 1627 977; x_wconf 83' lang='lat' dir='ltr'>privantur,</span> <span class='ocrx_word' id='word_1_77' title='bbox 1671 922 1843 965; x_wconf 90' lang='lat' dir='ltr'>sublato</span> 
     </span>
     <span class='ocr_line' id='line_1_12' title="bbox 308 980 1842 1036; baseline 0.001 -14"><span class='ocrx_word' id='word_1_78' title='bbox 308 981 507 1036; x_wconf 87' lang='lat' dir='ltr'>populari</span> <span class='ocrx_word' id='word_1_79' title='bbox 550 983 667 1023; x_wconf 85' lang='lat' dir='ltr'>statu</span> <span class='ocrx_word' id='word_1_80' title='bbox 706 983 750 1023; x_wconf 91' lang='lat' dir='ltr'>et</span> <span class='ocrx_word' id='word_1_81' title='bbox 788 981 1114 1036; x_wconf 85' lang='lat' dir='ltr'>magistratibus</span> <span class='ocrx_word' id='word_1_82' title='bbox 1155 980 1393 1023; x_wconf 89' lang='lat' dir='ltr'>secundum</span> <span class='ocrx_word' id='word_1_83' title='bbox 1430 993 1590 1023; x_wconf 86' lang='lat' dir='ltr'>census</span> <span class='ocrx_word' id='word_1_84' title='bbox 1629 980 1842 1024; x_wconf 86' lang='lat' dir='ltr'>institutis</span> 
     </span>
     <span class='ocr_line' id='line_1_13' title="bbox 311 1038 1767 1095; baseline 0 -13"><span class='ocrx_word' id='word_1_85' title='bbox 311 1039 496 1082; x_wconf 87' lang='lat' dir='ltr'>Graecia</span> <span class='ocrx_word' id='word_1_86' title='bbox 526 1051 624 1081; x_wconf 91' lang='lat' dir='ltr'>cum</span> <span class='ocrx_word' id='word_1_87' title='bbox 655 1038 910 1081; x_wconf 89' lang='lat' dir='ltr'>Macedonia</span> <span class='ocrx_word' id='word_1_88' title='bbox 939 1039 984 1082; x_wconf 93' lang='lat' dir='ltr'>in</span> <span class='ocrx_word' id='word_1_89' title='bbox 1016 1052 1146 1082; x_wconf 88' lang='lat' dir='ltr'>unam</span> <span class='ocrx_word' id='word_1_90' title='bbox 1177 1040 1447 1095; x_wconf 82' lang='lat' dir='ltr'>provinciam</span> <span class='ocrx_word' id='word_1_91' title='bbox 1476 1039 1767 1095; x_wconf 84' lang='lat' dir='ltr'>coniungitur.</span> 
     </span>
    </p>
   </div>
   <div class='ocr_carea' id='block_1_3' title="bbox 879 1196 1213 1204">
    <p class='ocr_par' dir='ltr' id='par_1_6' title="bbox 879 1196 1213 1204">
     <span class='ocr_line' id='line_1_14' title="bbox 879 1196 1213 1204; baseline 0 0"><span class='ocrx_word' id='word_1_92' title='bbox 879 1196 1213 1204; x_wconf 95' lang='lat' dir='ltr'> </span> 
     </span>
    </p>
   </div>
   <div class='ocr_carea' id='block_1_4' title="bbox 250 1334 1845 1382">
    <p class='ocr_par' dir='ltr' id='par_1_7' title="bbox 250 1334 1845 1382">
     <span class='ocr_line' id='line_1_15' title="bbox 250 1334 1845 1382; baseline -0.001 0"><span class='ocrx_word' id='word_1_93' title='bbox 250 1339 291 1382; x_wconf 85' lang='grc'>4.</span> <span class='ocrx_word' id='word_1_94' title='bbox 352 1334 528 1381; x_wconf 70' lang='lat' dir='ltr'>Rmm</span> <span class='ocrx_word' id='word_1_95' title='bbox 562 1348 631 1382; x_wconf 75' lang='lat' dir='ltr'>nx</span> <span class='ocrx_word' id='word_1_96' title='bbox 663 1347 832 1382; x_wconf 78' lang='lat' dir='ltr'>mvrso</span> <span class='ocrx_word' id='word_1_97' title='bbox 852 1334 1011 1382; x_wconf 64' lang='lat' dir='ltr'>Aauxz</span> <span class='ocrx_word' id='word_1_98' title='bbox 1037 1334 1202 1382; x_wconf 73' lang='lat' dir='ltr'>mmm</span> <span class='ocrx_word' id='word_1_99' title='bbox 1232 1346 1445 1380; x_wconf 68' lang='lat' dir='ltr'>mmmm</span> <span class='ocrx_word' id='word_1_100' title='bbox 1474 1345 1525 1380; x_wconf 74' lang='lat' dir='ltr'>m</span> <span class='ocrx_word' id='word_1_101' title='bbox 1546 1334 1670 1381; x_wconf 78' lang='lat' dir='ltr'>Asu</span> <span class='ocrx_word' id='word_1_102' title='bbox 1693 1347 1845 1381; x_wconf 62' lang='lat' dir='ltr'>orn.</span> 
     </span>
    </p>
   </div>
   <div class='ocr_carea' id='block_1_5' title="bbox 621 1440 1470 1512">
    <p class='ocr_par' dir='ltr' id='par_1_8' title="bbox 621 1440 1470 1512">
     <span class='ocr_line' id='line_1_16' title="bbox 621 1440 1470 1512; baseline -0.001 -14"><span class='ocrx_word' id='word_1_103' title='bbox 621 1455 680 1508; x_wconf 89' lang='lat' dir='ltr'>a)</span> <span class='ocrx_word' id='word_1_104' title='bbox 727 1456 915 1511; x_wconf 74' lang='lat' dir='ltr'>Reynum</span> <span class='ocrx_word' id='word_1_105' title='bbox 944 1440 1095 1512; x_wconf 60' lang='lat' dir='ltr'>Syriae</span> <span class='ocrx_word' id='word_1_106' title='bbox 1124 1458 1198 1498; x_wconf 76' lang='lat' dir='ltr'>sub</span> <span class='ocrx_word' id='word_1_107' title='bbox 1229 1456 1470 1498; x_wconf 79' lang='lat' dir='ltr'>Seleucidis.</span> 
     </span>
    </p>
   </div>
   <div class='ocr_carea' id='block_1_6' title="bbox 225 1565 1858 3622">
    <p class='ocr_par' dir='ltr' id='par_1_9' title="bbox 250 1565 1845 1740">
     <span class='ocr_line' id='line_1_17' title="bbox 250 1565 1845 1623; baseline -0.001 -13"><span class='ocrx_word' id='word_1_108' title='bbox 250 1565 470 1622; x_wconf 84' lang='lat' dir='ltr'>Antigono</span> <span class='ocrx_word' id='word_1_109' title='bbox 503 1566 558 1609; x_wconf 89' lang='lat' dir='ltr'>ad</span> <span class='ocrx_word' id='word_1_110' title='bbox 587 1566 736 1623; x_wconf 90' lang='lat' dir='ltr'>Ipsum</span> <span class='ocrx_word' id='word_1_111' title='bbox 768 1566 938 1609; x_wconf 90' lang='lat' dir='ltr'>devicto</span> <span class='ocrx_word' id='word_1_112' title='bbox 971 1568 1014 1608; x_wconf 92' lang='lat' dir='ltr'>et</span> <span class='ocrx_word' id='word_1_113' title='bbox 1045 1566 1216 1618; x_wconf 90' lang='lat' dir='ltr'>occiso,</span> <span class='ocrx_word' id='word_1_114' title='bbox 1248 1566 1445 1608; x_wconf 75' lang='lat' dir='ltr'>Seleucus</span> <span class='ocrx_word' id='word_1_115' title='bbox 1474 1565 1674 1619; x_wconf 77' lang='lat' dir='ltr'>Nicator,</span> <span class='ocrx_word' id='word_1_116' title='bbox 1717 1579 1845 1621; x_wconf 87' lang='lat' dir='ltr'>supe-</span> 
     </span>
     <span class='ocr_line' id='line_1_18' title="bbox 311 1624 1844 1681; baseline 0 -13"><span class='ocrx_word' id='word_1_117' title='bbox 311 1626 437 1668; x_wconf 90' lang='lat' dir='ltr'>rioris</span> <span class='ocrx_word' id='word_1_118' title='bbox 469 1624 601 1668; x_wconf 88' lang='lat' dir='ltr'>Asiae</span> <span class='ocrx_word' id='word_1_119' title='bbox 633 1626 847 1678; x_wconf 90' lang='lat' dir='ltr'>dominus,</span> <span class='ocrx_word' id='word_1_120' title='bbox 888 1625 1062 1680; x_wconf 84' lang='lat' dir='ltr'>Syriam</span> <span class='ocrx_word' id='word_1_121' title='bbox 1093 1638 1143 1668; x_wconf 87' lang='lat' dir='ltr'>ac</span> <span class='ocrx_word' id='word_1_122' title='bbox 1174 1625 1542 1681; x_wconf 86' lang='lat' dir='ltr'>Mesopotamiam,</span> <span class='ocrx_word' id='word_1_123' title='bbox 1581 1624 1844 1678; x_wconf 81' lang='lat' dir='ltr'>Armeniam,</span> 
     </span>
     <span class='ocr_line' id='line_1_19' title="bbox 313 1683 1092 1740; baseline -0.003 -13"><span class='ocrx_word' id='word_1_124' title='bbox 313 1684 645 1740; x_wconf 85' lang='lat' dir='ltr'>Cappadociam,</span> <span class='ocrx_word' id='word_1_125' title='bbox 679 1683 876 1727; x_wconf 89' lang='lat' dir='ltr'>Ciliciam</span> <span class='ocrx_word' id='word_1_126' title='bbox 908 1686 1092 1739; x_wconf 89' lang='lat' dir='ltr'>occupat</span> 
     </span>
    </p>

    <p class='ocr_par' dir='ltr' id='par_1_10' title="bbox 252 1741 1858 2035">
     <span class='ocr_line' id='line_1_20' title="bbox 252 1741 1845 1799; baseline 0 -13"><span class='ocrx_word' id='word_1_127' title='bbox 252 1743 400 1787; x_wconf 89' lang='lat' dir='ltr'>Urbes</span> <span class='ocrx_word' id='word_1_128' title='bbox 424 1743 481 1786; x_wconf 88' lang='lat'>43</span> <span class='ocrx_word' id='word_1_129' title='bbox 514 1743 662 1786; x_wconf 90' lang='lat' dir='ltr'>condit</span> <span class='ocrx_word' id='word_1_130' title='bbox 690 1756 768 1798; x_wconf 91' lang='lat' dir='ltr'>per</span> <span class='ocrx_word' id='word_1_131' title='bbox 799 1742 856 1786; x_wconf 83' lang='grc'>72</span> <span class='ocrx_word' id='word_1_132' title='bbox 889 1743 1106 1797; x_wconf 86' lang='lat' dir='ltr'>satrapias</span> <span class='ocrx_word' id='word_1_133' title='bbox 1135 1743 1395 1798; x_wconf 87' lang='lat' dir='ltr'>amplissimi</span> <span class='ocrx_word' id='word_1_134' title='bbox 1423 1743 1550 1799; x_wconf 88' lang='lat' dir='ltr'>regni</span> <span class='ocrx_word' id='word_1_135' title='bbox 1581 1742 1664 1794; x_wconf 79' lang='lat'>(16</span> <span class='ocrx_word' id='word_1_136' title='bbox 1693 1741 1845 1786; x_wconf 74' lang='lat' dir='ltr'>Antio</span> 
     </span>
     <span class='ocr_line' id='line_1_21' title="bbox 312 1800 1845 1857; baseline 0.001 -13"><span class='ocrx_word' id='word_1_137' title='bbox 312 1802 446 1854; x_wconf 89' lang='lat' dir='ltr'>chias,</span> <span class='ocrx_word' id='word_1_138' title='bbox 480 1802 507 1844; x_wconf 84' lang='lat'>9</span> <span class='ocrx_word' id='word_1_139' title='bbox 538 1802 778 1854; x_wconf 87' lang='lat' dir='ltr'>Seleucias‚</span> <span class='ocrx_word' id='word_1_140' title='bbox 810 1800 836 1844; x_wconf 88' lang='lat'>5</span> <span class='ocrx_word' id='word_1_141' title='bbox 867 1801 1122 1853; x_wconf 74' lang='lat' dir='ltr'>Laodiceae,</span> <span class='ocrx_word' id='word_1_142' title='bbox 1155 1801 1182 1846; x_wconf 88' lang='lat'><strong>3</strong></span> <span class='ocrx_word' id='word_1_143' title='bbox 1212 1800 1282 1857; x_wconf 88' lang='lat' dir='ltr'>Ap</span> <span class='ocrx_word' id='word_1_144' title='bbox 1285 1814 1445 1854; x_wconf 88' lang='lat' dir='ltr'>ameas,</span> <span class='ocrx_word' id='word_1_145' title='bbox 1485 1802 1591 1844; x_wconf 79' lang='lat' dir='ltr'>alias</span> <span class='ocrx_word' id='word_1_146' title='bbox 1624 1802 1678 1845; x_wconf 90' lang='lat' dir='ltr'>de</span> <span class='ocrx_word' id='word_1_147' title='bbox 1708 1803 1845 1845; x_wconf 90' lang='lat' dir='ltr'>nomi-</span> 
     </span>
     <span class='ocr_line' id='line_1_22' title="bbox 312 1859 1858 1916; baseline 0.001 -13"><span class='ocrx_word' id='word_1_148' title='bbox 312 1862 441 1903; x_wconf 90' lang='lat' dir='ltr'>nibus</span> <span class='ocrx_word' id='word_1_149' title='bbox 482 1861 653 1903; x_wconf 89' lang='lat' dir='ltr'>urbium</span> <span class='ocrx_word' id='word_1_150' title='bbox 683 1860 847 1903; x_wconf 87' lang='lat' dir='ltr'>Maced.</span> <span class='ocrx_word' id='word_1_151' title='bbox 888 1859 1169 1916; x_wconf 89' lang='lat' dir='ltr'>appellatas),</span> <span class='ocrx_word' id='word_1_152' title='bbox 1211 1873 1392 1916; x_wconf 81' lang='lat' dir='ltr'>quarum</span> <span class='ocrx_word' id='word_1_153' title='bbox 1430 1860 1858 1908; x_wconf 58' lang='lat' dir='ltr'>celeberrimae-Se:-</span> 
     </span>
     <span class='ocr_line' id='line_1_23' title="bbox 290 1918 1844 1976; baseline 0.003 -16"><span class='ocrx_word' id='word_1_154' title='bbox 290 1920 538 1966; x_wconf 31' lang='lat' dir='ltr'>.leuciawad</span> <span class='ocrx_word' id='word_1_155' title='bbox 570 1918 1014 1975; x_wconf 12' lang='lat' dir='ltr'>Tigrim‚rAntio„chia</span> <span class='ocrx_word' id='word_1_156' title='bbox 1044 1918 1098 1969; x_wconf 88' lang='lat' dir='ltr'>ad</span> <span class='ocrx_word' id='word_1_157' title='bbox 1121 1919 1326 1962; x_wconf 91' lang='lat' dir='ltr'>Orontem</span> <span class='ocrx_word' id='word_1_158' title='bbox 1354 1921 1619 1962; x_wconf 85' lang='lat' dir='ltr'>amoenitate</span> <span class='ocrx_word' id='word_1_159' title='bbox 1641 1919 1844 1976; x_wconf 85' lang='lat' dir='ltr'>Daphnes</span> 
     </span>
     <span class='ocr_line' id='line_1_24' title="bbox 311 1978 1679 2035; baseline 0.001 -14"><span class='ocrx_word' id='word_1_160' title='bbox 311 1992 362 2021; x_wconf 90' lang='lat' dir='ltr'>ac</span> <span class='ocrx_word' id='word_1_161' title='bbox 395 1978 573 2022; x_wconf 87' lang='lat' dir='ltr'>Graecis</span> <span class='ocrx_word' id='word_1_162' title='bbox 605 1979 763 2021; x_wconf 90' lang='lat' dir='ltr'>litteris</span> <span class='ocrx_word' id='word_1_163' title='bbox 796 1978 1033 2029; x_wconf 88' lang='lat' dir='ltr'>celebrata;</span> <span class='ocrx_word' id='word_1_164' title='bbox 1065 1978 1176 2021; x_wconf 88' lang='lat' dir='ltr'>hanc</span> <span class='ocrx_word' id='word_1_165' title='bbox 1208 1979 1334 2035; x_wconf 88' lang='lat' dir='ltr'>regni</span> <span class='ocrx_word' id='word_1_166' title='bbox 1363 1978 1511 2023; x_wconf 86' lang='lat' dir='ltr'>sedem</span> <span class='ocrx_word' id='word_1_167' title='bbox 1542 1979 1679 2034; x_wconf 86' lang='lat' dir='ltr'>eligit.</span> 
     </span>
    </p>

    <p class='ocr_par' dir='ltr' id='par_1_11' title="bbox 252 2035 1846 2152">
     <span class='ocr_line' id='line_1_25' title="bbox 252 2035 1846 2094; baseline 0.001 -15"><span class='ocrx_word' id='word_1_168' title='bbox 252 2038 480 2080; x_wconf 75' lang='lat' dir='ltr'>Antiochus</span> <span class='ocrx_word' id='word_1_169' title='bbox 510 2051 566 2080; x_wconf 84' lang='lat' dir='ltr'>ex</span> <span class='ocrx_word' id='word_1_170' title='bbox 595 2036 764 2093; x_wconf 90' lang='lat' dir='ltr'>Apama</span> <span class='ocrx_word' id='word_1_171' title='bbox 793 2036 908 2080; x_wconf 90' lang='lat' dir='ltr'>filius</span> <span class='ocrx_word' id='word_1_172' title='bbox 941 2035 1077 2088; x_wconf 83' lang='lat' dir='ltr'>(uxor</span> <span class='ocrx_word' id='word_1_173' title='bbox 1108 2038 1203 2080; x_wconf 87' lang='lat' dir='ltr'>eius</span> <span class='ocrx_word' id='word_1_174' title='bbox 1236 2036 1507 2089; x_wconf 81' lang='lat' dir='ltr'>Stratonice)</span> <span class='ocrx_word' id='word_1_175' title='bbox 1536 2041 1718 2094; x_wconf 85' lang='lat' dir='ltr'>patrem,</span> <span class='ocrx_word' id='word_1_176' title='bbox 1758 2038 1846 2094; x_wconf 75' lang='lat' dir='ltr'>Ly-</span> 
     </span>
     <span class='ocr_line' id='line_1_26' title="bbox 313 2095 1555 2152; baseline 0.001 -13"><span class='ocrx_word' id='word_1_177' title='bbox 313 2097 545 2140; x_wconf 90' lang='lat' dir='ltr'>simachiae</span> <span class='ocrx_word' id='word_1_178' title='bbox 577 2095 866 2148; x_wconf 89' lang='lat' dir='ltr'>interfectum,</span> <span class='ocrx_word' id='word_1_179' title='bbox 898 2097 946 2138; x_wconf 91' lang='lat' dir='ltr'>in</span> <span class='ocrx_word' id='word_1_180' title='bbox 974 2108 1108 2151; x_wconf 87' lang='lat' dir='ltr'>regno</span> <span class='ocrx_word' id='word_1_181' title='bbox 1141 2097 1337 2152; x_wconf 89' lang='lat' dir='ltr'>sequitur</span> <span class='ocrx_word' id='word_1_182' title='bbox 1369 2099 1555 2140; x_wconf 85' lang='lat' dir='ltr'>exeunte</span> 
     </span>
    </p>

    <p class='ocr_par' dir='ltr' id='par_1_12' title="bbox 253 2154 1849 2388">
     <span class='ocr_line' id='line_1_27' title="bbox 253 2154 1849 2210; baseline 0.001 -12"><span class='ocrx_word' id='word_1_183' title='bbox 253 2156 423 2198; x_wconf 87' lang='lat' dir='ltr'>Dicitur</span> <span class='ocrx_word' id='word_1_184' title='bbox 446 2155 586 2208; x_wconf 88' lang='lat' dir='ltr'>Soter,</span> <span class='ocrx_word' id='word_1_185' title='bbox 619 2155 721 2210; x_wconf 89' lang='lat' dir='ltr'>quia</span> <span class='ocrx_word' id='word_1_186' title='bbox 750 2154 899 2198; x_wconf 88' lang='lat' dir='ltr'>Asiam</span> <span class='ocrx_word' id='word_1_187' title='bbox 932 2157 1082 2198; x_wconf 86' lang='lat' dir='ltr'>contra</span> <span class='ocrx_word' id='word_1_188' title='bbox 1104 2154 1254 2199; x_wconf 86' lang='lat' dir='ltr'>Gallos</span> <span class='ocrx_word' id='word_1_189' title='bbox 1284 2158 1444 2208; x_wconf 89' lang='lat' dir='ltr'>tuetur,</span> <span class='ocrx_word' id='word_1_190' title='bbox 1476 2155 1555 2198; x_wconf 89' lang='lat' dir='ltr'>sed</span> <span class='ocrx_word' id='word_1_191' title='bbox 1584 2158 1730 2198; x_wconf 88' lang='lat' dir='ltr'>tamen</span> <span class='ocrx_word' id='word_1_192' title='bbox 1751 2157 1849 2199; x_wconf 79' lang='lat' dir='ltr'>eius</span> 
     </span>
     <span class='ocr_line' id='line_1_28' title="bbox 313 2213 1845 2270; baseline 0.001 -14"><span class='ocrx_word' id='word_1_193' title='bbox 313 2215 377 2257; x_wconf 91' lang='lat' dir='ltr'>cis</span> <span class='ocrx_word' id='word_1_194' title='bbox 397 2215 587 2256; x_wconf 85' lang='lat' dir='ltr'>Taurum</span> <span class='ocrx_word' id='word_1_195' title='bbox 608 2214 816 2257; x_wconf 87' lang='lat' dir='ltr'>maiorem</span> <span class='ocrx_word' id='word_1_196' title='bbox 837 2216 1006 2269; x_wconf 91' lang='lat' dir='ltr'>partem</span> <span class='ocrx_word' id='word_1_197' title='bbox 1030 2213 1158 2266; x_wconf 86' lang='lat' dir='ltr'>Galli,</span> <span class='ocrx_word' id='word_1_198' title='bbox 1189 2213 1466 2267; x_wconf 84' lang='lat' dir='ltr'>Nicomedes,</span> <span class='ocrx_word' id='word_1_199' title='bbox 1497 2213 1731 2270; x_wconf 77' lang='lat' dir='ltr'>Bithyniae</span> <span class='ocrx_word' id='word_1_200' title='bbox 1752 2228 1845 2266; x_wconf 85' lang='lat' dir='ltr'>rex,</span> 
     </span>
     <span class='ocr_line' id='line_1_29' title="bbox 311 2271 1845 2332; baseline 0 -16"><span class='ocrx_word' id='word_1_201' title='bbox 311 2274 527 2316; x_wconf 87' lang='lat' dir='ltr'>Eumenes</span> <span class='ocrx_word' id='word_1_202' title='bbox 560 2273 854 2328; x_wconf 89' lang='lat' dir='ltr'>Pergamenus</span> <span class='ocrx_word' id='word_1_203' title='bbox 887 2275 1123 2328; x_wconf 84' lang='lat' dir='ltr'>occupant3</span> <span class='ocrx_word' id='word_1_204' title='bbox 1154 2271 1471 2329; x_wconf 86' lang='lat' dir='ltr'>Aegyptiorum</span> <span class='ocrx_word' id='word_1_205' title='bbox 1499 2273 1732 2332; x_wconf 82' lang='lat' dir='ltr'>praesidiis</span> <span class='ocrx_word' id='word_1_206' title='bbox 1763 2273 1845 2316; x_wconf 86' lang='lat' dir='ltr'>Ca-</span> 
     </span>
     <span class='ocr_line' id='line_1_30' title="bbox 311 2330 1269 2388; baseline 0 -14"><span class='ocrx_word' id='word_1_207' title='bbox 311 2333 416 2386; x_wconf 88' lang='lat' dir='ltr'>riae,</span> <span class='ocrx_word' id='word_1_208' title='bbox 446 2332 626 2388; x_wconf 83' lang='lat' dir='ltr'>Lyciae,</span> <span class='ocrx_word' id='word_1_209' title='bbox 659 2330 838 2374; x_wconf 90' lang='lat' dir='ltr'>Ciliciae</span> <span class='ocrx_word' id='word_1_210' title='bbox 869 2334 1020 2388; x_wconf 87' lang='lat' dir='ltr'>portus</span> <span class='ocrx_word' id='word_1_211' title='bbox 1052 2334 1269 2375; x_wconf 89' lang='lat' dir='ltr'>tenentur.</span> 
     </span>
    </p>

    <p class='ocr_par' dir='ltr' id='par_1_13' title="bbox 251 2389 1848 2552">
     <span class='ocr_line' id='line_1_31' title="bbox 251 2389 1847 2447; baseline 0 -14"><span class='ocrx_word' id='word_1_212' title='bbox 251 2391 303 2433; x_wconf 93' lang='lat' dir='ltr'>In</span> <span class='ocrx_word' id='word_1_213' title='bbox 333 2404 480 2447; x_wconf 88' lang='lat' dir='ltr'>pugna</span> <span class='ocrx_word' id='word_1_214' title='bbox 511 2404 609 2433; x_wconf 92' lang='lat' dir='ltr'>cum</span> <span class='ocrx_word' id='word_1_215' title='bbox 633 2390 770 2434; x_wconf 88' lang='lat' dir='ltr'>Gallis</span> <span class='ocrx_word' id='word_1_216' title='bbox 802 2390 1034 2434; x_wconf 84' lang='lat' dir='ltr'>occiditur:</span> <span class='ocrx_word' id='word_1_217' title='bbox 1066 2391 1262 2446; x_wconf 87' lang='lat' dir='ltr'>sequitur</span> <span class='ocrx_word' id='word_1_218' title='bbox 1290 2389 1406 2434; x_wconf 84' lang='lat' dir='ltr'>filius</span> <span class='ocrx_word' id='word_1_219' title='bbox 1427 2389 1654 2433; x_wconf 70' lang='lat' dir='ltr'>Antiochus</span> <span class='ocrx_word' id='word_1_220' title='bbox 1672 2391 1740 2444; x_wconf 88' lang='grc' dir='ltr'>ΙΙ,</span> <span class='ocrx_word' id='word_1_221' title='bbox 1770 2391 1847 2446; x_wconf 89' lang='lat' dir='ltr'>qui</span> 
     </span>
     <span class='ocr_line' id='line_1_32' title="bbox 313 2449 1848 2506; baseline 0.001 -14"><span class='ocrx_word' id='word_1_222' title='bbox 313 2464 339 2492; x_wconf 86' lang='lat' dir='ltr'>a</span> <span class='ocrx_word' id='word_1_223' title='bbox 367 2450 571 2503; x_wconf 87' lang='lat' dir='ltr'>Milesiis,</span> <span class='ocrx_word' id='word_1_224' title='bbox 613 2462 722 2505; x_wconf 90' lang='lat' dir='ltr'>quos</span> <span class='ocrx_word' id='word_1_225' title='bbox 756 2449 987 2492; x_wconf 88' lang='lat' dir='ltr'>Timarcho</span> <span class='ocrx_word' id='word_1_226' title='bbox 1019 2452 1205 2506; x_wconf 85' lang='lat' dir='ltr'>tyranno</span> <span class='ocrx_word' id='word_1_227' title='bbox 1236 2450 1463 2502; x_wconf 83' lang='lat' dir='ltr'>liberarat,</span> <span class='ocrx_word' id='word_1_228' title='bbox 1505 2450 1746 2506; x_wconf 88' lang='lat' dir='ltr'>appellatus</span> <span class='ocrx_word' id='word_1_229' title='bbox 1778 2452 1848 2493; x_wconf 85' lang='lat' dir='ltr'>est</span> 
     </span>
     <span class='ocr_line' id='line_1_33' title="bbox 311 2504 431 2552; baseline 0.019 -2"><span class='ocrx_word' id='word_1_230' title='bbox 311 2504 431 2552; x_wconf 74' lang='grc' dir='ltr'><strong><em>θεός.</em></strong></span> 
     </span>
    </p>

    <p class='ocr_par' dir='ltr' id='par_1_14' title="bbox 255 2560 1846 2682">
     <span class='ocr_line' id='line_1_34' title="bbox 255 2560 1846 2658; baseline -0.001 -48"><span class='ocrx_word' id='word_1_231' title='bbox 255 2567 339 2620; x_wconf 85' lang='lat' dir='ltr'>Qui</span> <span class='ocrx_word' id='word_1_232' title='bbox 371 2581 468 2611; x_wconf 90' lang='lat' dir='ltr'>cum</span> <span class='ocrx_word' id='word_1_233' title='bbox 506 2567 667 2610; x_wconf 89' lang='lat' dir='ltr'>bellum</span> <span class='ocrx_word' id='word_1_234' title='bbox 707 2569 878 2632; x_wconf 85' lang='lat' dir='ltr'>gereret</span> <span class='ocrx_word' id='word_1_235' title='bbox 916 2580 1014 2609; x_wconf 89' lang='lat' dir='ltr'>cum</span> <span class='ocrx_word' id='word_1_236' title='bbox 1045 2560 1300 2623; x_wconf 85' lang='lat' dir='ltr'>Aegyptiis,</span> <span class='ocrx_word' id='word_1_237' title='bbox 1339 2566 1492 2609; x_wconf 78' lang='lat' dir='ltr'>Parthi</span> <span class='ocrx_word' id='word_1_238' title='bbox 1521 2567 1574 2609; x_wconf 90' lang='lat' dir='ltr'>ab</span> <span class='ocrx_word' id='word_1_239' title='bbox 1605 2565 1846 2658; x_wconf 85' lang='lat' dir='ltr'>Agathocle</span> 
     </span>
     <span class='ocr_line' id='line_1_35' title="bbox 313 2625 1393 2682; baseline -0.002 -12"><span class='ocrx_word' id='word_1_240' title='bbox 313 2630 486 2682; x_wconf 77' lang='lat' dir='ltr'>satrapa</span> <span class='ocrx_word' id='word_1_241' title='bbox 517 2626 628 2682; x_wconf 81' lang='lat' dir='ltr'>Syro</span> <span class='ocrx_word' id='word_1_242' title='bbox 660 2626 827 2669; x_wconf 85' lang='lat' dir='ltr'>vexati</span> <span class='ocrx_word' id='word_1_243' title='bbox 837 2625 1059 2679; x_wconf 88' lang='lat' dir='ltr'>deficiunt,</span> <span class='ocrx_word' id='word_1_244' title='bbox 1090 2626 1200 2669; x_wconf 90' lang='lat' dir='ltr'>duce</span> <span class='ocrx_word' id='word_1_245' title='bbox 1231 2626 1393 2668; x_wconf 79' lang='lat' dir='ltr'>Arsace</span> 
     </span>
    </p>

    <p class='ocr_par' dir='ltr' id='par_1_15' title="bbox 252 2683 1845 2800">
     <span class='ocr_line' id='line_1_36' title="bbox 252 2683 1845 2741; baseline -0.001 -13"><span class='ocrx_word' id='word_1_246' title='bbox 252 2686 503 2741; x_wconf 90' lang='lat' dir='ltr'>Eodemque</span> <span class='ocrx_word' id='word_1_247' title='bbox 524 2684 615 2730; x_wconf 87' lang='lat' dir='ltr'>fere</span> <span class='ocrx_word' id='word_1_248' title='bbox 636 2688 830 2741; x_wconf 90' lang='lat' dir='ltr'>tempore</span> <span class='ocrx_word' id='word_1_249' title='bbox 854 2685 1119 2738; x_wconf 89' lang='lat' dir='ltr'>Theodotus,</span> <span class='ocrx_word' id='word_1_250' title='bbox 1154 2684 1346 2728; x_wconf 88' lang='lat' dir='ltr'>Graecus</span> <span class='ocrx_word' id='word_1_251' title='bbox 1367 2683 1631 2740; x_wconf 83' lang='lat' dir='ltr'>praefectus,</span> <span class='ocrx_word' id='word_1_252' title='bbox 1661 2697 1845 2740; x_wconf 86' lang='lat' dir='ltr'>regnum</span> 
     </span>
     <span class='ocr_line' id='line_1_37' title="bbox 310 2743 1843 2800; baseline -0.001 -13"><span class='ocrx_word' id='word_1_253' title='bbox 310 2745 590 2787; x_wconf 89' lang='lat' dir='ltr'>Bactrianum</span> <span class='ocrx_word' id='word_1_254' title='bbox 611 2743 773 2796; x_wconf 89' lang='lat' dir='ltr'>condit,</span> <span class='ocrx_word' id='word_1_255' title='bbox 795 2743 911 2799; x_wconf 91' lang='lat' dir='ltr'>quod</span> <span class='ocrx_word' id='word_1_256' title='bbox 932 2744 1013 2787; x_wconf 89' lang='lat' dir='ltr'>sub</span> <span class='ocrx_word' id='word_1_257' title='bbox 1035 2744 1061 2786; x_wconf 84' lang='lat'><strong>7</strong></span> <span class='ocrx_word' id='word_1_258' title='bbox 1079 2744 1256 2800; x_wconf 87' lang='lat' dir='ltr'>regibus</span> <span class='ocrx_word' id='word_1_259' title='bbox 1282 2743 1367 2787; x_wconf 88' lang='lat'>130</span> <span class='ocrx_word' id='word_1_260' title='bbox 1390 2743 1479 2786; x_wconf 89' lang='lat' dir='ltr'>fere</span> <span class='ocrx_word' id='word_1_261' title='bbox 1501 2756 1638 2786; x_wconf 88' lang='lat' dir='ltr'>annos</span> <span class='ocrx_word' id='word_1_262' title='bbox 1660 2745 1843 2795; x_wconf 78' lang='lat' dir='ltr'>constat.</span> 
     </span>
    </p>

    <p class='ocr_par' dir='ltr' id='par_1_16' title="bbox 252 2801 1847 2975">
     <span class='ocr_line' id='line_1_38' title="bbox 252 2801 1846 2859; baseline -0.001 -13"><span class='ocrx_word' id='word_1_263' title='bbox 252 2802 495 2846; x_wconf 88' lang='lat' dir='ltr'>Antiochus</span> <span class='ocrx_word' id='word_1_264' title='bbox 527 2802 688 2845; x_wconf 91' lang='lat' dir='ltr'>bellum</span> <span class='ocrx_word' id='word_1_265' title='bbox 721 2815 820 2844; x_wconf 91' lang='lat' dir='ltr'>cum</span> <span class='ocrx_word' id='word_1_266' title='bbox 849 2801 1082 2858; x_wconf 85' lang='lat' dir='ltr'>Aegyptiis</span> <span class='ocrx_word' id='word_1_267' title='bbox 1115 2803 1336 2859; x_wconf 86' lang='lat' dir='ltr'>componit</span> <span class='ocrx_word' id='word_1_268' title='bbox 1355 2802 1581 2854; x_wconf 86' lang='lat' dir='ltr'>Berenice,</span> <span class='ocrx_word' id='word_1_269' title='bbox 1613 2802 1724 2845; x_wconf 91' lang='lat' dir='ltr'>Ptol.</span> <span class='ocrx_word' id='word_1_270' title='bbox 1746 2802 1846 2845; x_wconf 90' lang='lat' dir='ltr'>Phi-</span> 
     </span>
     <span class='ocr_line' id='line_1_39' title="bbox 311 2860 1847 2917; baseline 0 -13"><span class='ocrx_word' id='word_1_271' title='bbox 311 2862 506 2917; x_wconf 62' lang='lat' dir='ltr'>ladelphj,</span> <span class='ocrx_word' id='word_1_272' title='bbox 537 2860 648 2915; x_wconf 86' lang='lat' dir='ltr'>filia,</span> <span class='ocrx_word' id='word_1_273' title='bbox 689 2861 735 2902; x_wconf 92' lang='lat' dir='ltr'>in</span> <span class='ocrx_word' id='word_1_274' title='bbox 774 2861 1096 2904; x_wconf 87' lang='lat' dir='ltr'>matrimonium</span> <span class='ocrx_word' id='word_1_275' title='bbox 1134 2861 1285 2915; x_wconf 89' lang='lat' dir='ltr'>ducta,</span> <span class='ocrx_word' id='word_1_276' title='bbox 1324 2861 1403 2904; x_wconf 83' lang='lat' dir='ltr'>sed</span> <span class='ocrx_word' id='word_1_277' title='bbox 1439 2862 1493 2904; x_wconf 86' lang='lat' dir='ltr'>ab</span> <span class='ocrx_word' id='word_1_278' title='bbox 1530 2862 1673 2917; x_wconf 86' lang='lat' dir='ltr'>priore</span> <span class='ocrx_word' id='word_1_279' title='bbox 1711 2873 1847 2905; x_wconf 84' lang='lat' dir='ltr'>uxore</span> 
     </span>
     <span class='ocr_line' id='line_1_40' title="bbox 311 2919 1756 2975; baseline -0.001 -12"><span class='ocrx_word' id='word_1_280' title='bbox 311 2920 514 2972; x_wconf 88' lang='lat' dir='ltr'>Laodice,</span> <span class='ocrx_word' id='word_1_281' title='bbox 547 2932 655 2974; x_wconf 91' lang='lat' dir='ltr'>quae</span> <span class='ocrx_word' id='word_1_282' title='bbox 687 2919 812 2962; x_wconf 90' lang='lat' dir='ltr'>alteri</span> <span class='ocrx_word' id='word_1_283' title='bbox 840 2919 1074 2972; x_wconf 84' lang='lat' dir='ltr'>invidebat,</span> <span class='ocrx_word' id='word_1_284' title='bbox 1105 2933 1271 2963; x_wconf 85' lang='lat' dir='ltr'>veneno</span> <span class='ocrx_word' id='word_1_285' title='bbox 1302 2920 1564 2963; x_wconf 81' lang='lat' dir='ltr'>interimitur</span> <span class='ocrx_word' id='word_1_286' title='bbox 1593 2920 1756 2975; x_wconf 87' lang='lat' dir='ltr'>Ephesi</span> 
     </span>
    </p>

    <p class='ocr_par' dir='ltr' id='par_1_17' title="bbox 256 2977 1850 3210">
     <span class='ocr_line' id='line_1_41' title="bbox 256 2977 1844 3033; baseline -0.001 -11"><span class='ocrx_word' id='word_1_287' title='bbox 256 2980 425 3022; x_wconf 84' lang='lat' dir='ltr'>Seleuco</span> <span class='ocrx_word' id='word_1_288' title='bbox 456 2979 515 3020; x_wconf 94' lang='lat' dir='ltr'>II</span> <span class='ocrx_word' id='word_1_289' title='bbox 541 2978 789 3032; x_wconf 82' lang='lat' dir='ltr'>(Callinico,</span> <span class='ocrx_word' id='word_1_290' title='bbox 831 2978 1006 3021; x_wconf 89' lang='lat' dir='ltr'>ludibrii</span> <span class='ocrx_word' id='word_1_291' title='bbox 1037 2991 1189 3031; x_wconf 87' lang='lat' dir='ltr'>causa,</span> <span class='ocrx_word' id='word_1_292' title='bbox 1231 2979 1323 3021; x_wconf 85' lang='lat' dir='ltr'>sive</span> <span class='ocrx_word' id='word_1_293' title='bbox 1354 2977 1539 3033; x_wconf 75' lang='lat' dir='ltr'>Poqom‘)</span> <span class='ocrx_word' id='word_1_294' title='bbox 1572 2991 1671 3020; x_wconf 90' lang='lat' dir='ltr'>cum</span> <span class='ocrx_word' id='word_1_295' title='bbox 1701 2979 1844 3021; x_wconf 90' lang='lat' dir='ltr'>Ptole-</span> 
     </span>
     <span class='ocr_line' id='line_1_42' title="bbox 311 3035 1850 3093; baseline -0.001 -13"><span class='ocrx_word' id='word_1_296' title='bbox 311 3051 432 3080; x_wconf 89' lang='lat' dir='ltr'>maeo</span> <span class='ocrx_word' id='word_1_297' title='bbox 463 3037 528 3080; x_wconf 86' lang='lat'>111</span> <span class='ocrx_word' id='word_1_298' title='bbox 558 3037 774 3093; x_wconf 88' lang='lat' dir='ltr'>Euergete</span> <span class='ocrx_word' id='word_1_299' title='bbox 814 3037 861 3080; x_wconf 88' lang='lat' dir='ltr'>in</span> <span class='ocrx_word' id='word_1_300' title='bbox 891 3037 1022 3093; x_wconf 84' lang='lat' dir='ltr'>Syria</span> <span class='ocrx_word' id='word_1_301' title='bbox 1060 3042 1104 3080; x_wconf 87' lang='lat' dir='ltr'>et</span> <span class='ocrx_word' id='word_1_302' title='bbox 1134 3050 1231 3080; x_wconf 87' lang='lat' dir='ltr'>cum</span> <span class='ocrx_word' id='word_1_303' title='bbox 1272 3037 1404 3080; x_wconf 82' lang='lat' dir='ltr'>fratre</span> <span class='ocrx_word' id='word_1_304' title='bbox 1434 3038 1600 3080; x_wconf 84' lang='lat' dir='ltr'>minore</span> <span class='ocrx_word' id='word_1_305' title='bbox 1629 3035 1850 3080; x_wconf 70' lang='lat' dir='ltr'>Antiocho·</span> 
     </span>
     <span class='ocr_line' id='line_1_43' title="bbox 312 3095 1846 3152; baseline -0.001 -13"><span class='ocrx_word' id='word_1_306' title='bbox 312 3097 517 3149; x_wconf 89' lang='lat' dir='ltr'>Hierace,</span> <span class='ocrx_word' id='word_1_307' title='bbox 556 3097 682 3152; x_wconf 84' lang='lat' dir='ltr'>regni</span> <span class='ocrx_word' id='word_1_308' title='bbox 719 3096 866 3149; x_wconf 87' lang='lat' dir='ltr'>avido,</span> <span class='ocrx_word' id='word_1_309' title='bbox 907 3096 982 3152; x_wconf 82' lang='lat' dir='ltr'>qui</span> <span class='ocrx_word' id='word_1_310' title='bbox 1024 3095 1308 3152; x_wconf 74' lang='lat' dir='ltr'>Cappadoces</span> <span class='ocrx_word' id='word_1_311' title='bbox 1344 3109 1395 3138; x_wconf 89' lang='lat' dir='ltr'>ac</span> <span class='ocrx_word' id='word_1_312' title='bbox 1425 3096 1718 3151; x_wconf 76' lang='lat' dir='ltr'>Pergamenos</span> <span class='ocrx_word' id='word_1_313' title='bbox 1760 3096 1846 3139; x_wconf 79' lang='lat' dir='ltr'>sibi</span> 
     </span>
     <span class='ocr_line' id='line_1_44' title="bbox 313 3153 1367 3210; baseline -0.002 -12"><span class='ocrx_word' id='word_1_314' title='bbox 313 3156 582 3208; x_wconf 82' lang='lat' dir='ltr'>adiunxerat,</span> <span class='ocrx_word' id='word_1_315' title='bbox 614 3156 660 3197; x_wconf 91' lang='lat' dir='ltr'>in</span> <span class='ocrx_word' id='word_1_316' title='bbox 689 3153 797 3198; x_wconf 89' lang='lat' dir='ltr'>Asia</span> <span class='ocrx_word' id='word_1_317' title='bbox 826 3155 988 3197; x_wconf 90' lang='lat' dir='ltr'>bellum</span> <span class='ocrx_word' id='word_1_318' title='bbox 1019 3155 1255 3210; x_wconf 89' lang='lat' dir='ltr'>gerendum</span> <span class='ocrx_word' id='word_1_319' title='bbox 1287 3157 1367 3197; x_wconf 88' lang='lat' dir='ltr'>est.</span> 
     </span>
    </p>

    <p class='ocr_par' dir='ltr' id='par_1_18' title="bbox 255 3212 1849 3328">
     <span class='ocr_line' id='line_1_45' title="bbox 255 3212 1849 3268; baseline -0.001 -11"><span class='ocrx_word' id='word_1_320' title='bbox 255 3215 433 3257; x_wconf 89' lang='lat' dir='ltr'>Interim</span> <span class='ocrx_word' id='word_1_321' title='bbox 464 3214 613 3257; x_wconf 89' lang='lat' dir='ltr'>Parthi</span> <span class='ocrx_word' id='word_1_322' title='bbox 655 3226 763 3268; x_wconf 86' lang='lat' dir='ltr'>opes</span> <span class='ocrx_word' id='word_1_323' title='bbox 800 3226 901 3256; x_wconf 89' lang='lat' dir='ltr'>suas</span> <span class='ocrx_word' id='word_1_324' title='bbox 931 3213 1126 3256; x_wconf 82' lang='lat' dir='ltr'>firmant·</span> <span class='ocrx_word' id='word_1_325' title='bbox 1169 3213 1379 3257; x_wconf 84' lang='lat' dir='ltr'>Seleucus</span> <span class='ocrx_word' id='word_1_326' title='bbox 1411 3213 1464 3256; x_wconf 83' lang='lat' dir='ltr'>ab</span> <span class='ocrx_word' id='word_1_327' title='bbox 1494 3212 1550 3256; x_wconf 89' lang='lat' dir='ltr'>iis</span> <span class='ocrx_word' id='word_1_328' title='bbox 1581 3213 1770 3256; x_wconf 76' lang='lat' dir='ltr'>vincitur</span> <span class='ocrx_word' id='word_1_329' title='bbox 1800 3215 1849 3256; x_wconf 84' lang='lat' dir='ltr'>et</span> 
     </span>
     <span class='ocr_line' id='line_1_46' title="bbox 314 3271 1372 3328; baseline 0 -13"><span class='ocrx_word' id='word_1_330' title='bbox 314 3277 465 3328; x_wconf 89' lang='lat' dir='ltr'>captus</span> <span class='ocrx_word' id='word_1_331' title='bbox 497 3272 760 3327; x_wconf 87' lang='lat' dir='ltr'>aliquamdiu</span> <span class='ocrx_word' id='word_1_332' title='bbox 788 3272 836 3315; x_wconf 82' lang='lat' dir='ltr'>in</span> <span class='ocrx_word' id='word_1_333' title='bbox 866 3273 964 3315; x_wconf 85' lang='lat' dir='ltr'>aula</span> <span class='ocrx_word' id='word_1_334' title='bbox 993 3271 1169 3316; x_wconf 73' lang='lat' dir='ltr'>Arsacis</span> <span class='ocrx_word' id='word_1_335' title='bbox 1190 3272 1235 3316; x_wconf 85' lang='lat'>11</span> <span class='ocrx_word' id='word_1_336' title='bbox 1263 3273 1372 3316; x_wconf 77' lang='lat' dir='ltr'>vivit</span> 
     </span>
    </p>

    <p class='ocr_par' dir='ltr' id='par_1_19' title="bbox 225 3309 1302 3442">
     <span class='ocr_line' id='line_1_47' title="bbox 225 3309 1302 3442; baseline 0.001 -69"><span class='ocrx_word' id='word_1_337' title='bbox 225 3309 502 3442; x_wconf 36' lang='lat' dir='ltr'>&amp;telemaeo</span> <span class='ocrx_word' id='word_1_338' title='bbox 534 3331 782 3374; x_wconf 88' lang='lat' dir='ltr'>Palaestina</span> <span class='ocrx_word' id='word_1_339' title='bbox 813 3333 856 3373; x_wconf 88' lang='lat' dir='ltr'>et</span> <span class='ocrx_word' id='word_1_340' title='bbox 884 3330 1184 3390; x_wconf 82' lang='lat' dir='ltr'>Coelesyna</span> <span class='ocrx_word' id='word_1_341' title='bbox 1166 3331 1302 3387; x_wconf 87' lang='lat' dir='ltr'>cedit.</span> 
     </span>
    </p>

    <p class='ocr_par' dir='ltr' id='par_1_20' title="bbox 227 3380 1845 3506">
     <span class='ocr_line' id='line_1_48' title="bbox 227 3380 1845 3444; baseline -0.002 -10"><span class='ocrx_word' id='word_1_342' title='bbox 227 3413 234 3434; x_wconf 79' lang='lat'><em>›</em></span> <span class='ocrx_word' id='word_1_343' title='bbox 326 3386 462 3432; x_wconf 80' lang='lat' dir='ltr'>Gallis</span> <span class='ocrx_word' id='word_1_344' title='bbox 519 3387 727 3432; x_wconf 74' lang='lat' dir='ltr'>Antiochi</span> <span class='ocrx_word' id='word_1_345' title='bbox 733 3385 915 3433; x_wconf 69' lang='lat' dir='ltr'>Hatris</span> <span class='ocrx_word' id='word_1_346' title='bbox 933 3380 1252 3444; x_wconf 76' lang='lat' dir='ltr'>auxiliaribus,</span> <span class='ocrx_word' id='word_1_347' title='bbox 1270 3391 1430 3442; x_wconf 82' lang='lat' dir='ltr'>victus,</span> <span class='ocrx_word' id='word_1_348' title='bbox 1468 3388 1643 3432; x_wconf 87' lang='lat' dir='ltr'>tandem</span> <span class='ocrx_word' id='word_1_349' title='bbox 1673 3388 1845 3432; x_wconf 79' lang='lat' dir='ltr'>fortuna</span> 
     </span>
     <span class='ocr_line' id='line_1_49' title="bbox 312 3447 1366 3506; baseline 0.002 -16"><span class='ocrx_word' id='word_1_350' title='bbox 312 3451 523 3504; x_wconf 87' lang='lat' dir='ltr'>reparata,</span> <span class='ocrx_word' id='word_1_351' title='bbox 556 3448 732 3491; x_wconf 84' lang='lat' dir='ltr'>fratrem</span> <span class='ocrx_word' id='word_1_352' title='bbox 762 3448 901 3491; x_wconf 85' lang='lat' dir='ltr'>vincit</span> <span class='ocrx_word' id='word_1_353' title='bbox 933 3447 1177 3504; x_wconf 84' lang='lat' dir='ltr'>Sardesque</span> <span class='ocrx_word' id='word_1_354' title='bbox 1208 3449 1366 3506; x_wconf 81' lang='lat' dir='ltr'>recipit</span> 
     </span>
    </p>

    <p class='ocr_par' dir='ltr' id='par_1_21' title="bbox 254 3506 1842 3622">
     <span class='ocr_line' id='line_1_50' title="bbox 254 3506 1842 3564; baseline -0.001 -14"><span class='ocrx_word' id='word_1_355' title='bbox 254 3507 495 3550; x_wconf 89' lang='lat' dir='ltr'>Antiochus</span> <span class='ocrx_word' id='word_1_356' title='bbox 526 3507 572 3549; x_wconf 91' lang='lat' dir='ltr'>in</span> <span class='ocrx_word' id='word_1_357' title='bbox 601 3506 804 3563; x_wconf 87' lang='lat' dir='ltr'>Aegypto</span> <span class='ocrx_word' id='word_1_358' title='bbox 836 3519 921 3562; x_wconf 93' lang='lat' dir='ltr'>quo</span> <span class='ocrx_word' id='word_1_359' title='bbox 953 3506 1124 3564; x_wconf 84' lang='lat' dir='ltr'>fugerat</span> <span class='ocrx_word' id='word_1_360' title='bbox 1153 3509 1289 3564; x_wconf 88' lang='lat' dir='ltr'>perit,</span> <span class='ocrx_word' id='word_1_361' title='bbox 1329 3507 1408 3551; x_wconf 90' lang='lat' dir='ltr'>sed</span> <span class='ocrx_word' id='word_1_362' title='bbox 1439 3518 1550 3550; x_wconf 87' lang='lat' dir='ltr'>anno</span> <span class='ocrx_word' id='word_1_363' title='bbox 1581 3508 1682 3563; x_wconf 90' lang='lat' dir='ltr'>post</span> <span class='ocrx_word' id='word_1_364' title='bbox 1713 3506 1842 3550; x_wconf 88' lang='lat' dir='ltr'>etiam</span> 
     </span>
     <span class='ocr_line' id='line_1_51' title="bbox 317 3565 864 3622; baseline -0.004 -11"><span class='ocrx_word' id='word_1_365' title='bbox 317 3565 541 3619; x_wconf 85' lang='lat' dir='ltr'>Seleucus,</span> <span class='ocrx_word' id='word_1_366' title='bbox 574 3578 684 3621; x_wconf 90' lang='lat' dir='ltr'>equo</span> <span class='ocrx_word' id='word_1_367' title='bbox 715 3567 864 3622; x_wconf 87' lang='lat' dir='ltr'>lapsus</span> 
     </span>
    </p>
   </div>
   <div class='ocr_carea' id='block_1_7' title="bbox 1864 345 2159 387">
    <p class='ocr_par' dir='ltr' id='par_1_22' title="bbox 1864 345 2159 387">
     <span class='ocr_line' id='line_1_52' title="bbox 1864 345 2159 387; baseline 0.003 -10"><span class='ocrx_word' id='word_1_368' title='bbox 1864 355 1896 377; x_wconf 84' lang='lat' dir='ltr'>a.</span> <span class='ocrx_word' id='word_1_369' title='bbox 1906 345 1991 378; x_wconf 85' lang='lat' dir='ltr'>Chr.</span> <span class='ocrx_word' id='word_1_370' title='bbox 2027 345 2159 387; x_wconf 76' lang='lat' dir='ltr'>olymp</span> 
     </span>
    </p>
   </div>
   <div class='ocr_carea' id='block_1_8' title="bbox 1895 507 2174 552">
    <p class='ocr_par' dir='ltr' id='par_1_23' title="bbox 1895 507 2174 552">
     <span class='ocr_line' id='line_1_53' title="bbox 1895 507 2174 552; baseline -0.004 -1"><span class='ocrx_word' id='word_1_371' title='bbox 1895 508 1976 551; x_wconf 83' lang='lat'>147</span> <span class='ocrx_word' id='word_1_372' title='bbox 2042 507 2126 552; x_wconf 85' lang='lat'>158</span> <span class='ocrx_word' id='word_1_373' title='bbox 2148 507 2174 550; x_wconf 95' lang='grc'>2</span> 
     </span>
    </p>
   </div>
   <div class='ocr_carea' id='block_1_9' title="bbox 1897 683 2176 728">
    <p class='ocr_par' dir='ltr' id='par_1_24' title="bbox 1897 683 2176 728">
     <span class='ocr_line' id='line_1_54' title="bbox 1897 683 2176 728; baseline -0.007 0"><span class='ocrx_word' id='word_1_374' title='bbox 1897 684 1979 728; x_wconf 80' lang='grc'>146</span> <span class='ocrx_word' id='word_1_375' title='bbox 2043 683 2127 728; x_wconf 87' lang='grc'>158</span> <span class='ocrx_word' id='word_1_376' title='bbox 2149 683 2176 726; x_wconf 92' lang='grc'>2</span> 
     </span>
    </p>
   </div>
   <div class='ocr_carea' id='block_1_10' title="bbox 1893 860 2175 905">
    <p class='ocr_par' dir='ltr' id='par_1_25' title="bbox 1893 860 2175 905">
     <span class='ocr_line' id='line_1_55' title="bbox 1893 860 2175 905; baseline -0.004 0"><span class='ocrx_word' id='word_1_377' title='bbox 1893 862 1975 905; x_wconf 88' lang='grc'>146</span> <span class='ocrx_word' id='word_1_378' title='bbox 2042 860 2126 904; x_wconf 86' lang='grc'>158</span> <span class='ocrx_word' id='word_1_379' title='bbox 2148 861 2175 904; x_wconf 90' lang='grc'>3</span> 
     </span>
    </p>
   </div>
   <div class='ocr_carea' id='block_1_11' title="bbox 1897 1685 1981 1729">
    <p class='ocr_par' dir='ltr' id='par_1_26' title="bbox 1897 1685 1981 1729">
     <span class='ocr_line' id='line_1_56' title="bbox 1897 1685 1981 1729; baseline -0.024 0"><span class='ocrx_word' id='word_1_380' title='bbox 1897 1685 1981 1729; x_wconf 86' lang='grc'>301</span> 
     </span>
    </p>
   </div>
   <div class='ocr_carea' id='block_1_12' title="bbox 1896 2093 1979 2137">
    <p class='ocr_par' dir='ltr' id='par_1_27' title="bbox 1896 2093 1979 2137">
     <span class='ocr_line' id='line_1_57' title="bbox 1896 2093 1979 2137; baseline 0 0"><span class='ocrx_word' id='word_1_381' title='bbox 1896 2093 1979 2137; x_wconf 83' lang='grc'>281</span> 
     </span>
    </p>
   </div>
   <div class='ocr_carea' id='block_1_13' title="bbox 1896 2505 1985 2667">
    <p class='ocr_par' dir='ltr' id='par_1_28' title="bbox 1896 2505 1985 2667">
     <span class='ocr_line' id='line_1_58' title="bbox 1897 2505 1984 2549; baseline 0 0"><span class='ocrx_word' id='word_1_382' title='bbox 1897 2505 1984 2549; x_wconf 86' lang='grc'>262</span> 
     </span>
     <span class='ocr_line' id='line_1_59' title="bbox 1896 2622 1985 2667; baseline 0 0"><span class='ocrx_word' id='word_1_383' title='bbox 1896 2622 1985 2667; x_wconf 87' lang='grc'>250</span> 
     </span>
    </p>
   </div>
   <div class='ocr_carea' id='block_1_14' title="bbox 1897 2917 1985 2961">
    <p class='ocr_par' dir='ltr' id='par_1_29' title="bbox 1897 2917 1985 2961">
     <span class='ocr_line' id='line_1_60' title="bbox 1897 2917 1985 2961; baseline 0 -1"><span class='ocrx_word' id='word_1_384' title='bbox 1897 2917 1985 2961; x_wconf 89' lang='grc'>246</span> 
     </span>
    </p>
   </div>
   <div class='ocr_carea' id='block_1_15' title="bbox 1893 3270 1980 3314">
    <p class='ocr_par' dir='ltr' id='par_1_30' title="bbox 1893 3270 1980 3314">
     <span class='ocr_line' id='line_1_61' title="bbox 1893 3270 1980 3314; baseline 0 0"><span class='ocrx_word' id='word_1_385' title='bbox 1893 3270 1980 3314; x_wconf 86' lang='grc'>238</span> 
     </span>
    </p>
   </div>
   <div class='ocr_carea' id='block_1_16' title="bbox 1893 3446 1980 3608">
    <p class='ocr_par' dir='ltr' id='par_1_31' title="bbox 1893 3446 1980 3608">
     <span class='ocr_line' id='line_1_62' title="bbox 1895 3446 1980 3490; baseline 0 0"><span class='ocrx_word' id='word_1_386' title='bbox 1895 3446 1980 3490; x_wconf 88' lang='grc'>229</span> 
     </span>
     <span class='ocr_line' id='line_1_63' title="bbox 1893 3563 1980 3608; baseline -0.023 0"><span class='ocrx_word' id='word_1_387' title='bbox 1893 3563 1980 3608; x_wconf 83' lang='grc'>227</span> 
     </span>
    </p>
   </div>
   <div class='ocr_carea' id='block_1_17' title="bbox 2047 1684 2182 1728">
    <p class='ocr_par' dir='ltr' id='par_1_32' title="bbox 2047 1684 2182 1728">
     <span class='ocr_line' id='line_1_64' title="bbox 2047 1684 2182 1728; baseline -0.007 0"><span class='ocrx_word' id='word_1_388' title='bbox 2047 1684 2131 1728; x_wconf 87' lang='grc'>119</span> <span class='ocrx_word' id='word_1_389' title='bbox 2152 1685 2182 1727; x_wconf 87' lang='grc'>4</span> 
     </span>
    </p>
   </div>
   <div class='ocr_carea' id='block_1_18' title="bbox 2048 2093 2181 2136">
    <p class='ocr_par' dir='ltr' id='par_1_33' title="bbox 2048 2093 2181 2136">
     <span class='ocr_line' id='line_1_65' title="bbox 2048 2093 2181 2136; baseline -0.008 0"><span class='ocrx_word' id='word_1_390' title='bbox 2048 2093 2181 2136; x_wconf 84' lang='grc'>1244</span> 
     </span>
    </p>
   </div>
   <div class='ocr_carea' id='block_1_19' title="bbox 2048 2506 2183 2668">
    <p class='ocr_par' dir='ltr' id='par_1_34' title="bbox 2048 2506 2183 2668">
     <span class='ocr_line' id='line_1_66' title="bbox 2048 2506 2183 2550; baseline 0.007 -1"><span class='ocrx_word' id='word_1_391' title='bbox 2048 2506 2131 2549; x_wconf 89' lang='grc'>129</span> <span class='ocrx_word' id='word_1_392' title='bbox 2152 2506 2183 2550; x_wconf 88' lang='grc'>3</span> 
     </span>
     <span class='ocr_line' id='line_1_67' title="bbox 2048 2623 2181 2668; baseline 0 -1"><span class='ocrx_word' id='word_1_393' title='bbox 2048 2623 2130 2668; x_wconf 89' lang='grc'>132</span> <span class='ocrx_word' id='word_1_394' title='bbox 2152 2624 2181 2667; x_wconf 88' lang='grc'><strong><em>3</em></strong></span> 
     </span>
    </p>
   </div>
   <div class='ocr_carea' id='block_1_20' title="bbox 2047 2916 2180 2961">
    <p class='ocr_par' dir='ltr' id='par_1_35' title="bbox 2047 2916 2180 2961">
     <span class='ocr_line' id='line_1_68' title="bbox 2047 2916 2180 2961; baseline -0.008 -1"><span class='ocrx_word' id='word_1_395' title='bbox 2047 2916 2131 2961; x_wconf 87' lang='grc'>133</span> <span class='ocrx_word' id='word_1_396' title='bbox 2153 2917 2180 2959; x_wconf 93' lang='grc'><strong>2</strong></span> 
     </span>
    </p>
   </div>
   <div class='ocr_carea' id='block_1_21' title="bbox 2046 3446 2178 3490">
    <p class='ocr_par' dir='ltr' id='par_1_36' title="bbox 2046 3446 2178 3490">
     <span class='ocr_line' id='line_1_69' title="bbox 2046 3446 2178 3490; baseline -0.008 -1"><span class='ocrx_word' id='word_1_397' title='bbox 2046 3446 2128 3490; x_wconf 85' lang='grc'>137</span> <span class='ocrx_word' id='word_1_398' title='bbox 2149 3446 2178 3488; x_wconf 91' lang='grc'>4</span> 
     </span>
    </p>
   </div>
   <div class='ocr_carea' id='block_1_22' title="bbox 2044 3562 2242 3607">
    <p class='ocr_par' dir='ltr' id='par_1_37' title="bbox 2044 3562 2242 3607">
     <span class='ocr_line' id='line_1_70' title="bbox 2044 3562 2242 3607; baseline -0.015 -1"><span class='ocrx_word' id='word_1_399' title='bbox 2044 3562 2176 3607; x_wconf 90' lang='grc'>1382</span> <span class='ocrx_word' id='word_1_400' title='bbox 2240 3601 2242 3603; x_wconf 88' lang='grc'>.</span> 
     </span>
    </p>
   </div>
  </div>
 </body>
</html>
