2392 4016
857 176 1102 218 Graecorum
1132 178 1311 219 fabulae.

120 356 345 422 Helenam,
384 366 571 412 Menelai
599 378 794 421 uxorem,
834 367 972 423 Paris,
1014 369 1176 415 Priami
1208 369 1387 415 Troiani
1414 371 1533 426 regis
1563 370 1694 424 lilius,
1730 386 1796 417 rs·

177 427 328 484 puisse
359 425 531 480 dicitur,
563 437 700 483 eaque
731 425 867 470 fuisse
899 440 1033 473 causa
1063 427 1161 472 belli
1184 427 1369 483 miani,
1400 427 1455 473 ab
1476 430 1676 474 omnibus
1698 429 1796 484 (29)

178 486 353 543 populis
384 485 579 545 (praeter
597 483 851 531 Acarnanes
883 489 928 531 et
947 485 1184 532 Dorienses
1216 487 1263 531 in
1290 490 1436 532 monte
1457 486 1796 541 Parnasso)'au-

178 545 329 602 spiciis
360 545 674 602 Aqamemuonis
711 545 839 602 gesti.
908 544 1059 598 (Hom.
1091 545 1136 590 in
1167 545 1367 602 catalogo
1402 544 1515 591 1186
1555 560 1688 591 naves
1720 561 1796 591 nu·

185 607 342 657 merat,
381 616 562 661 quarum
598 602 835 648 Boeoticae
877 603 963 650 120
1000 605 1138 658 viros,
1183 604 1442 650 Philoctetis
1482 605 1542 650 60
1578 606 1798 660 tenebant,

174 662 288 706 unde
318 661 598 719 Thucydides
629 661 771 706 medio
804 675 982 708 numero
1012 664 1144 708 ducto
1176 676 1389 709 summam
1420 664 1640 709 exercitus
1674 668 1799 722 putat

112 740 121 746 κ
176 721 313 765 fnisse
347 720 538 775 102,000
567 721 820 773 hominum.)

122 779 253 824 Troia
285 779 529 825 defenditur
558 783 730 837 praeter
761 780 987 825 Dardanos
1017 781 1185 826 vicinos
1218 782 1402 839 (quibus
1434 780 1606 826 Aeneas
1636 787 1682 826 et
1710 781 1798 826 An·

177 839 398 883 tenoridae
428 837 654 896 praesunt)
684 852 711 882 a
742 839 998 894 Thracibus,
1036 838 1273 885 Ciconibus
1307 843 1352 885 et
1381 840 1628 885 Paeonibus
1661 841 1795 886 Euro-

210 899 323 952 aeis,
364 898 740 956 Paphlagonibus,
779 898 939 956 Mysis,
971 898 1241 957 Phrygibus,
1281 899 1556 955 Maeouibus,
1597 899 1797 954 Caribus,

215 957 339 1015 yciis‚
371 957 575 1014 gentibus
606 955 798 1001 Asianis.

122 1015 228 1061 Post
257 1015 408 1060 decem
439 1029 576 1061 annos
599 1016 733 1060 Troia
763 1017 932 1074 capitur
961 1015 1091 1073 (equo
1122 1018 1153 1061 li
1187 1029 1270 1062 neo
1291 1017 1416 1075 Epei,
1448 1020 1524 1061 aut
1551 1018 1796 1075 proditione

174 1074 555 1127 Antenoridarum)
586 1088 637 1119 ac
668 1075 851 1130 deletur,
881 1075 1121 1120 secundum
1180 1076 1444 1120 ratosthenis
1472 1078 1686 1122 rationem
1705 1077 1793 1123 408

178 1134 304 1180 annis
334 1148 468 1192 prope
500 1134 712 1179 absolutis
744 1137 844 1178 ante
876 1134 1046 1192 Olymp.
1079 1134 1115 1188 1,
1148 1134 1188 1188 1,
1220 1135 1247 1178 i.
1281 1148 1319 1178 e.
1351 1138 1461 1180 extr.
1492 1149 1593 1180 vere

117 1193 346 1238 Victorum
375 1195 504 1251 pauci
533 1193 726 1247 (Nestor,
757 1194 1031 1247 Idomeneus,
1064 1193 1346 1246 Philoctetes)
1378 1193 1496 1238 felici
1524 1195 1664 1239 reditu
1687 1208 1791 1252 gau-

152 1252 350 1297 debant.
414 1252 674 1298 Ceciderunt
702 1253 987 1308 Protesilaus,
1024 1252 1236 1307 Achilles,
1266 1253 1382 1297 Aiax
1412 1253 1715 1308 Telamonius;
1752 1256 1798 1299 iu

180 1312 322 1356 reditu
392 1312 476 1356 erit
503 1310 618 1357 Aiax
649 1311 763 1356 Oilei
793 1311 822 1356 f.
853 1311 1109 1366 Locrensis,
1149 1311 1451 1370 Agamemnon
1489 1312 1609 1357 domi
1637 1313 1799 1358 interfi-

177 1371 303 1414 citur.
407 1371 586 1416 enelans
617 1373 786 1425 octavo,
820 1371 973 1416 Ulixes
1005 1370 1174 1416 decimo
1205 1384 1319 1416 anno
1349 1375 1635 1416 reverterunt.

19 1440 28 1464 v
118 1428 208 1474 Alii
238 1442 336 1473 cum
375 1443 446 1475 res
486 1429 603 1474 domi
641 1430 836 1475 turbatas
875 1429 1170 1480 invenissent,
1207 1429 1363 1475 relicta
1400 1431 1563 1487 patria,
1603 1431 1798 1476 colonias

179 1489 392 1532 condunt:
422 1490 655 1543 Diomedes,
687 1488 895 1545 Argivus,
932 1489 979 1533 in
1009 1489 1193 1533 Italiam
1211 1490 1508 1534 transmisisse
1539 1493 1585 1534 et
1613 1490 1798 1547 Apuliae

176 1548 305 1592 urbes
338 1547 569 1592 nonnullas
600 1546 783 1604 (Arpos,
816 1547 1080 1599 Canusium)
1111 1547 1364 1593 condidisse
1395 1547 1544 1592 fertur.

124 1606 287 1660 Teucer,
319 1606 539 1651 Salamine
571 1606 796 1663 expulsus,
829 1605 1023 1664 Cyprum
1052 1606 1240 1654 insulam
1270 1608 1439 1664 petivit,
1478 1608 1524 1651 in
1555 1620 1692 1664 eaque
1722 1620 1798 1651 no·

176 1678 274 1709 vam
304 1665 570 1710 Salaminem
607 1665 822 1711 condidit:
866 1668 1052 1723 regnant
1083 1666 1324 1710 Teucridae
1362 1679 1500 1723 usque
1540 1666 1603 1725 ad,
1625 1666 1797 1724 Euago-

173 1737 267 1769 ram
295 1738 335 1768 a.
366 1724 454 1769 374
485 1738 523 1768 a.
557 1723 657 1769 Chr.
718 1724 883 1768 Eodem
914 1726 1141 1781 Ayapenor
1170 1738 1270 1769 cum
1297 1724 1544 1770 Arcadibus
1576 1725 1798 1783 profectus

174 1781 370 1840 Paphum
399 1784 551 1828 urbem
582 1783 831 1828 condidisse
862 1785 1060 1828 traditur.

115 1840 403 1897 Neoptolemus
433 1843 548 1896 (sive
578 1841 807 1899 Pyrrhus),
835 1842 1022 1887 Achillis
1052 1842 1097 1896 12,
1128 1855 1152 1886 e
1175 1841 1407 1887 Thessalia
1434 1842 1482 1886 iu
1509 1841 1687 1899 Epirum
1719 1843 1801 1886 mi-

176 1912 343 1958 grasse,
356 1901 696 2005 filli‘ssnefregiae
726 1900 917 1946 familiae
946 1901 1237 1946 Aeacidarum
1267 1901 1478 1959 regnique
1505 1894 1798 1945 Molossorum

177 1962 328 2004 auctor
407 1961 417 1971 “
470 1973 495 2004 e
542 1963 674 2004 ertur.

122 2105 323 2149 Periodus
350 2107 541 2160 secunda,
582 2106 750 2150 incerta
779 2094 824 2149 et
853 2105 964 2162 ipsa,
1003 2103 1084 2149 sed
1113 2105 1323 2149 historiae
1362 2105 1631 2149 incrementa
1661 2106 1799 2149 conti-

327 2177 461 2220 nens,
499 2177 589 2209 non
618 2166 828 2208 exornata
856 2164 1083 2221 poetarum
1112 2164 1384 2220 heroicorum
1415 2164 1589 2218 fabulis,

179 2274 233 2319 ab
262 2274 591 2319 Heraclidamm
621 2274 764 2319 reditu
794 2287 933 2331 usque
964 2274 1021 2318 ad
1049 2274 1165 2318 bella
1185 2273 1367 2318 Persica
1388 2273 1542 2319 —500
1573 2287 1611 2318 a.
1634 2273 1737 2318 Chr.

125 2370 336 2423 floscoli,
357 2371 485 2414 antea
513 2370 705 2427 repressi
734 2369 788 2414 ab
817 2369 1100 2423 Hellenibus,
1137 2369 1292 2414 relicta
1322 2368 1600 2426 Thesprotia,
1638 2371 1799 2413 terram

177 2428 295 2472 circa
323 2428 516 2472 Peneum
545 2441 716 2472 amnem
748 2429 877 2473 sitam
907 2431 1138 2485 occupant,
1177 2427 1278 2472 inde
1311 2428 1585 2472 Thessaliam
1615 2427 1797 2482 dictam;

178 2487 333 2530 Boeoti
372 2487 550 2532 sedibus
591 2488 684 2532 suis
716 2488 847 2532 eiecti
882 2487 930 2532 in
959 2487 1131 2544 Minyas
1171 2490 1217 2531 et
1263 2486 1478 2531 Cadmeos
1518 2486 1718 2532 incidunt
1754 2491 1799 2531 et

176 2545 416 2600 Boeotiam,
446 2547 642 2604 ipsorum
673 2547 846 2591 nomine
877 2560 932 2604 ap
1007 2546 1152 2600 latam,
1183 2549 1401 2603 occupant

121 2604 282 2651 Iisdem
316 2605 494 2650 Boeotis
533 2606 830 2663 prementibus
868 2605 929 2651 Pe
948 2605 1046 2663 asgi
1081 2607 1141 2647 π
1259 2605 1304 2647 οὶ
1339 2604 1386 2648 in
1415 2603 1606 2649 Atticam
1645 2615 1693 2648 se
1732 2616 1797 2648 rs·

179 2663 361 2721 cipiunt,
391 2664 492 2708 inde
522 2677 674 2709 rursus
706 2664 879 2722 expulsi
898 2664 1124 2718 Lemnum,
1177 2663 1359 2717 mbrum,
1390 2661 1704 2708 Samothracen
1732 2663 1798 2707 in·

122 2722 298 2839 Miliuylaa:
316 2726 641 2826 Ιῗξιῖιῖῐέωῗίοοίῑί
671 2780 857 2837 primum
880 2779 1141 2825 Laconicam
1170 2782 1338 2838 petunt,
1367 2763 1525 2825 deinde
1546 2779 1798 2825 Cauconum

181 2843 225 2885 et
240 2841 568 2885 Paroreatai-um
588 2842 748 2883 terram
769 2843 986 2897 occupant
1005 2838 1251 2897 (Lepreum,
1274 2838 1588 2897 Macistumque
1611 2839 1775 2892 urbes).

122 2898 283 2943 Redito
313 2898 639 2943 Heraclidam
678 2896 766 2957 (τῇ
798 2894 990 2953 καθόδῳ
1020 2899 1122 2941 τῶν
1147 2893 1472 2957 Ἡρακλειδῶν)
1509 2898 1801 2956 Peloponnesi

182 2961 228 3004 et
254 2959 390 3004 totius
421 2957 510 3002 fere
542 2956 751 3003 Graeciae
781 2957 951 3002 incolae
981 2960 1202 3003 mutantur

22 3067 26 3074 ⁸
123 3013 235 3060 Nam
266 3029 351 3074 quo
382 3019 575 3074 tempore
604 3016 880 3071 Tisamenus,
910 3017 1078 3062 Orestis
1108 3016 1239 3071 filius,
1270 3017 1475 3061 maiorem
1503 3016 1794 3073 Peloponnesi

183 3072 1348 3191 l'iffrifflffi'ss)ffl‘l’sszsffl‘ssffiwffiffssfi‘
1414 3074 1799 3190 3223&ssss

185 3191 356 3246 Aetolo,
387 3191 614 3249 Naupacto
642 3193 866 3239 “aiicinnt
894 3194 940 3238 in
971 3194 1320 3251 Peloponnesum
1351 3190 1498 3246 (circa
1529 3192 1670 3236 Rhion
1702 3204 1800 3249 pro·

187 3248 352 3303 mont.),
384 3253 429 3294 et
449 3251 601 3295 eiectis
622 3249 825 3305 Achaeis,
855 3252 918 3296 ita
937 3252 1050 3296 inter
1070 3265 1118 3296 se
1140 3250 1417 3305 conveniunt,
1450 3252 1499 3295 nt
1523 3251 1679 3307 Orylu
1698 3263 1798 3295 cum

188 3308 356 3352 Aetolis
378 3307 546 3354 Elidem
575 3308 770 3365 haberet.
908 3323 1002 3355 rum
1033 3314 1156 3368 parte
1185 3304 1404 3355 vethribus
1427 3308 1584 3354 incolis
1605 3308 1799 3354 eiusdem

187 3367 330 3423 gentis
362 3366 527 3422 relicta,
564 3367 827 3424 Cresphontes
888 3369 1118 3423 esseniam,
1149 3368 1346 3426 expulsis
1365 3367 1565 3414 Nestoris
1625 3368 1798 3419 esteris,

194 3426 386 3469 Tannus
405 3426 671 3483 Argolidem,
699 3428 951 3472 Ari-ndns·
978 3427 1058 3472 filii
1086 3426 1401 3485 (Eurysthenes
1422 3430 1469 3471 et
1488 3427 1597 3472 Proc
1616 3426 1684 3479 es)
1716 3426 1798 3471 La·

187 3485 384 3588 {tonicam
415 3487 626 3532 tenerent.
685 3485 903 3542 Arcadas,
939 3485 1112 3532 foedere
1142 3485 1272 3542 iacto,
1308 3487 1561 3532 mutationis
1592 3489 1797 3554 expertes

212 3556 270 3588 un

1995 182 2048 228 17

1846 337 1878 361 a.
1902 328 1988 362 Chr.
2012 338 2048 362 a.

1851 1139 2022 1195 (1184)

1859 2550 2025 2604 (1124)

1857 2726 2022 2780 (1099)

1855 2961 2024 3016 (1104)
