2392 4016
620 191 673 229 ab
705 201 811 229 anno
843 201 884 239 p.
906 188 1001 229 Chr.
1035 190 1119 230 868
1153 201 1280 239 nsque
1310 191 1362 229 ad
1392 202 1541 229 annum
1565 190 1663 230 ⁸⁶4.
2029 186 2112 232 185

211 360 220 370 .
236 336 276 370 Ο.
346 346 381 371 ιι.
399 346 430 372 e.
490 336 539 370 in
567 358 578 369 .

183 346 206 379 Ρ
351 408 354 411 -
541 345 564 378 Ρ
635 392 853 425 consensu
884 381 1072 439 partium
1102 379 1223 425 solus
1246 378 1472 438 Augustus
1500 379 1657 435 factus,
1686 379 2110 437 Constantinopolim

637 442 836 498 pacatam
872 441 922 485 11
958 440 1064 485 Dec.
1094 440 1242 485 intrat.

182 499 271 546 362
334 499 449 545 1115
514 500 534 544 1
597 499 851 543 Mamertino
883 502 928 544 et
957 499 1117 543 Nebita
1146 495 1349 552 (Gotho)
1377 509 1469 543 cos.
1502 497 1582 550 (cf.
1603 498 1846 541 Mamertini
1878 498 2112 554 gratiarum

635 559 751 602 actio
778 571 857 616 pro
888 558 1140 612 consulatu,
1173 558 1336 615 Paneg.
1359 556 1427 608 X)
1459 559 1602 614 inym
1633 573 1763 599 rerum
1793 559 1963 600 mutatio
1994 556 2112 600 illico

636 620 835 675 paratur,
882 617 983 662 dum
1027 629 1166 661 novus
1214 617 1470 674 imperator,
1520 616 1942 674 praestantissimum
1981 616 2113 659 Marci

636 677 846 722 Antonini
883 676 1133 735 philosophi
1178 676 1423 732 exemplum
1473 688 1523 719 se
1565 676 1832 719 imitaturum
1875 674 2113 731 professus,

637 749 723 781 non
745 738 977 781 contentus
998 738 1191 779 veterem
1210 734 1519 792 parsimoniam
1541 737 1586 778 et
1605 734 1882 790 disciplinam
1905 734 1949 777 in
1970 733 2111 777 aulam

636 807 892 848 revocasse,
930 794 1060 838 etiam
1090 805 1234 837 mores
1266 797 1311 837 et
1340 794 1519 850 ingenia
1548 793 1769 837 hominum
1801 794 2019 850 corrigere
2050 794 2114 836 in-

638 857 738 912 epte
779 853 1053 911 aggreditur:
1102 851 1396 896 Christianam
1437 852 1695 909 religionem
1735 865 1833 895 cum
1865 853 1959 909 ipse
1991 851 2114 896 dese-

635 914 820 966 ruisset,
850 914 1045 969 simulata
1075 913 1271 955 adversus
1300 927 1432 955 omnes
1461 913 1670 967 aequitate
1696 921 1924 967 pervertere
1954 911 2114 965 studet,

635 974 827 1016 veterem
847 970 1028 1016 deorum
1050 971 1216 1015 cultum
1239 971 1356 1015 omni
1377 972 1546 1015 ratione
1569 971 1746 1015 adiuvat
1776 974 1820 1014 et
1841 970 2116 1014 commendat

637 1054 692 1063 —-
710 1031 1012 1088 superstitioni
1033 1031 1264 1084 obnoxius,
1286 1043 1366 1074 nec
1387 1030 1707 1088 philosophiam
1730 1030 1784 1074 ad
1806 1031 1937 1073 vitam
1958 1030 2115 1087 magis,

636 1104 765 1148 quam
797 1090 852 1134 ad
873 1090 1211 1135 ostentationem
1249 1101 1530 1147 componens.
1586 1089 1695 1134 Cum
1726 1089 1755 1133 8
1787 1089 1920 1132 ferme
1942 1102 2114 1133 menses

637 1150 1017 1207 Constantinopoli
1038 1150 1218 1207 egisset,
1238 1148 1516 1193 Antiochiam
1533 1161 1681 1193 mense
1705 1149 1814 1192 Iulio
1835 1161 1934 1192 cum
1957 1161 2115 1206 magna

637 1222 833 1254 annonae
875 1210 1056 1254 caritate
1087 1209 1307 1266 pervenit:
1346 1209 1408 1253 ibi
1445 1209 1679 1253 hibernans
1719 1213 1763 1251 et
1794 1207 2115 1264 expeditionem

635 1270 682 1313 in
705 1269 863 1313 Persas
893 1281 1068 1326 parans,
1101 1267 1362 1312 Christianis
1392 1268 1584 1325 graviter
1614 1269 1831 1320 irascitur,
1862 1268 2020 1323 quibus
2051 1268 2115 1310 in·

636 1328 838 1372 caudium
866 1328 1019 1385 templi
1048 1327 1266 1384 Apollinis
1296 1327 1520 1384 Daphnaei
1549 1327 1726 1379 tribuit,
1766 1338 1929 1383 eosque
1967 1326 2118 1370 clausa

636 1388 798 1432 maiore
846 1387 1036 1431 ecclesia
1078 1387 1328 1431 ulcisciturz
1380 1386 1691 1438 Athanasium,
1738 1387 1900 1428 deorum
1951 1387 2114 1438 Ιιοεεεηι,

634 1446 943 1491 Alexandriam
965 1458 1202 1499 reversum,
1234 1446 1363 1489 tertio
1396 1446 1559 1503 expelli
1588 1445 1722 1489 iubet.
1776 1444 1902 1496 (Am.
1925 1444 2117 1488 Marcell.

636 1506 710 1550 lib.
732 1505 812 1559 22)
846 1506 1082 1559 Libanium,
1115 1505 1356 1562 sophistam
1384 1505 1739 1556 Antiochensem,
1773 1503 1930 1547 litteris
1959 1503 2117 1547 floren-

637 1568 741 1618 tem,
772 1565 819 1608 in
849 1577 1009 1621 magno
1029 1564 1192 1607 honore
1214 1564 1357 1607 habet.
1412 1563 1679 1606 Themistius
1703 1562 1976 1619 praefectura
1996 1563 2116 1606 urbis

638 1623 865 1668 Constant.
890 1625 1080 1677 ornatur,
1110 1623 1406 1676 Proaeresius,
1445 1623 1642 1679 sophista
1665 1621 1953 1674 Christianus,
1986 1621 2117 1665 Athe-

637 1683 780 1727 niensi
819 1682 1025 1726 cathedra
1065 1695 1113 1726 se
1157 1682 1351 1736 abdicat,
1392 1682 1589 1738 quamvis
1634 1682 1890 1724 nominatim
1929 1681 1983 1724 ab
2012 1682 2116 1738 imp.

182 1804 269 1849 363
334 1803 448 1848 1116
509 1803 536 1846 2
599 1744 924 1857 023⁰‘ffiin
953 1801 1151 1843 claudius
1181 1800 1370 1842 lusam
1396 1800 1480 1852 ιν,
1513 1799 1725 1842 socundus
1754 1799 1983 1842 sananim
2012 1798 2117 1842 Ρω-

639 1870 780 1914 motus,
813 1859 929 1904 idem
959 1858 1095 1916 praef.
1126 1861 1264 1916 praet.
1287 1857 1563 1912 Galliarum.)
1624 1858 1797 1902 Iudaeis
1830 1858 2116 1902 sacratissimi

639 1919 794 1976 templi
813 1919 1132 1976 Hierosolymis
1163 1918 1423 1962 restituendi
1454 1920 1715 1976 potestatem
1746 1917 1866 1970 facit,
1897 1917 1976 1961 sed
2007 1930 2117 1974 opus

637 1976 2119 2094 {iiiiiiffiffiisiffimfficss‘”ssffss‘jss'giiffiisslnffiisstsslsssomoofss

1183 2069 1195 2090 2

637 2097 728 2141 mil.
758 2099 880 2141 recto
919 2096 1076 2140 itinere
1108 2095 1337 2153 Assyriam
1376 2100 1525 2153 petere
1563 2095 1707 2148 iubet,
1746 2096 1842 2152 ipse
1875 2095 2116 2139 Chaboram

641 2169 812 2201 amnem
843 2158 976 2213 ponte
1008 2155 1146 2208 facto,
1186 2155 1364 2198 ineunte
1395 2155 1550 2212 Aprili,
1585 2155 1764 2207 transit,
1796 2158 1841 2197 et
1870 2167 1949 2211 per
1979 2155 2119 2198 Meso-

638 2216 871 2274 potamiam
894 2215 1019 2259 iuxta
1037 2214 1318 2271 Euphratem,
1340 2214 1576 2257 comitante
1600 2214 1757 2265 classe,
1791 2212 2119 2270 Ctesiphontem

637 2274 763 2331 petit.
804 2271 1080 2331 Eirpugnatis
1098 2273 1395 2330 compluribus
1412 2272 1601 2330 oppidis,
1626 2273 1795 2329 Tigrim
1817 2276 2120 2329 transgressus

638 2334 796 2378 Persas
828 2332 944 2390 apud
977 2331 1306 2389 Ctesiphontem
1336 2345 1485 2389 pugna
1513 2333 1670 2385 vincit,
1714 2332 1793 2375 sed
1824 2332 1877 2375 ab
1910 2332 2014 2375 urbe
2046 2344 2122 2388 op-

638 2392 874 2451 pugnanda
912 2391 1167 2436 deterretur.
1230 2391 1383 2447 Itaque
1425 2391 1631 2437 calidiore
1674 2403 1801 2447 quam
1842 2390 2120 2447 prudentiore

639 2451 824 2496 consilio
863 2450 1051 2495 classem
1091 2463 1214 2495 suam
1256 2450 1452 2493 incendit
1489 2452 1536 2493 et
1573 2450 1782 2493 interiora
1819 2450 1942 2505 petit.
2020 2449 2121 2493 Mox

640 2511 789 2568 inopia
818 2512 1022 2563 coactus,
1063 2522 1163 2553 cum
1194 2509 1354 2552 Persae
1385 2520 1515 2566 agros
1549 2521 1653 2552 suos
1685 2511 1833 2561 urant,
1872 2508 2013 2552 redire
2043 2521 2122 2565 per

642 2569 907 2626 Gordyenen
945 2568 1111 2613 statuit.
1181 2568 1507 2624 Persequuntur
1547 2567 1730 2620 Persae,
1784 2567 1978 2611 lulianus
2018 2567 2120 2611 dum

642 2627 940 2673 laborantibus
980 2627 1074 2671 suis
1114 2628 1352 2680 succurrit,
1384 2626 1523 2679 (Iunii
1555 2625 1646 2679 26.)
1676 2628 1924 2683 mortiferum
1963 2626 2121 2670 vulnus

643 2691 718 2732 aut
748 2687 801 2731 ab
833 2687 983 2739 hoste,
1016 2689 1092 2730 aut
1122 2699 1148 2728 a
1178 2685 1427 2729 Christiano
1461 2685 1647 2743 quodam
1681 2686 1817 2730 milite
1850 2699 1929 2729 suo
1961 2687 2123 2743 accipit

643 2761 680 2791 a.
714 2745 870 2789 aetatis
902 2744 973 2790 32.
1037 2745 1151 2788 Dum
1182 2744 1318 2789 duces
1351 2745 1615 2798 consultant,
1648 2745 1787 2801 inseq.
1820 2744 1891 2788 die
1925 2745 2013 2788 PL.
2033 2745 2120 2788 10·

653 2803 899 2858 VIANUS,
929 2804 1203 2862 primicerius
1236 2804 1596 2857 domesticorum,
1637 2804 1914 2847 tumultuarie
1954 2817 1980 2847 a
2012 2804 2121 2848 mili-

643 2865 762 2909 tibus
793 2864 1029 2920 imperator
1066 2863 1381 2921 proclamatur,
1421 2864 1496 2920 qui
1527 2875 1651 2915 mox,
1693 2862 1804 2906 fame
1845 2867 1890 2905 et
1919 2862 2121 2919 despera-

642 2925 762 2968 tione
803 2922 987 2966 militum
1029 2924 1195 2976 motus,
1235 2923 1529 2967 necessariam
1569 2922 1765 2978 quidem,
1804 2922 1883 2965 sed
1922 2923 2121 2979 turpissi-

644 2995 757 3027 mam
795 2994 895 3026 cum
935 2981 1100 3038 Sapore
1138 2994 1290 3039 pacem
1329 2981 1572 3038 componit,
1611 2984 1656 3023 et
1694 2992 1772 3037 pro
1841 2981 1951 3023 rotio
1982 2985 2120 3024 trans·

643 3040 775 3087 eundi
814 3040 1008 3098 Tigridis
1050 3042 1224 3096 quinque
1268 3042 1505 3096 provinciae
1542 3055 1628 3083 omn
1668 3042 1765 3082 urbe
1850 3042 1965 3093 isim,
2041 3054 2121 3083 uae

644 3101 805 3146 totiens
837 3099 1067 3144 Persarum
1097 3100 1286 3157 impetus
1317 3098 1632 3149 retardaverat,
1664 3100 1772 3142 hosti
1803 3100 1944 3142 tradit.
2047 3100 2121 3143 isi·

644 3160 747 3204 bem'
786 3160 950 3203 sortem
998 3171 1121 3203 suam
1167 3158 1487 3216 complorantes
1526 3157 1724 3202 Amidam
1767 3157 2121 3202 transducuntur.

645 3218 666 3263 Ι
784 3230 863 3275 per
893 3217 1066 3274 Syriam
1097 3220 1143 3261 et
1173 3216 1396 3271 Ciliciam,
1435 3216 1621 3261 afflictas
1664 3216 2009 3261 Christianorum
2050 3230 2121 3261 res

648 3231 1267 3392 23532010‘33332151231‘002
1326 3276 1811 3321 “mm
1843 3275 2120 3386 ‘arm

193 3398 279 3443 364
346 3398 458 3443 1117
609 3395 811 3453 Ancyrae
849 3395 1095 3438 consulatum
1134 3394 1217 3439 init
1252 3407 1351 3440 cum
1389 3394 1658 3440 Varroniano
1697 3393 1787 3438 filio
1825 3396 2005 3450 insanire,
2044 3394 2122 3438 sed

647 3466 747 3499 mox
779 3452 932 3508 (Febr.
957 3451 1047 3507 16.)
1078 3453 1353 3499 Dadastanae
1384 3454 1430 3499 in
1461 3453 1660 3498 Galatiae
1690 3457 1735 3497 et
1764 3453 1995 3511 Bithyniae
2026 3452 2121 3498 fini·

652 3514 733 3558 bus
763 3512 993 3571 repentina
1021 3515 1160 3557 morte
1191 3512 1377 3567 decedit,
1409 3512 1467 3558 33
1499 3524 1635 3556 annos
1667 3516 1808 3556 natus.

530 3573 550 3617 1
621 3572 813 3618 Nicaeae
845 3583 1063 3617 consensu
1095 3572 1300 3627 omnium,
1330 3585 1430 3616 cnm
1461 3571 1697 3617 Sallustius
1730 3571 1863 3628 praef.
1886 3575 2021 3628 praet,
2054 3584 2120 3615 se-
