2392 4016
311 246 378 279 xx
1118 231 1178 270 De
1210 231 1441 269 auctoribus

313 383 552 440 pessimus:
588 380 640 423 de
674 379 782 422 Iulio
809 378 1041 433 Capitolino
1071 378 1117 421 in
1148 378 1227 421 hac
1258 379 1381 433 parte
1413 389 1497 419 non
1530 387 1699 428 recuso,
1732 374 1962 431 quominus
1994 373 2108 416 vitae
2139 373 2239 416 Per-

313 455 491 505 tinacis,
530 451 701 504 Albini,
732 450 911 493 Macrini
943 451 996 493 ab
1028 462 1079 493 eo
1111 449 1412 493 abiudicentur
1444 451 1488 491 et
1520 447 1749 503 Spartiano
1782 447 2075 502 apponantur,
2115 445 2239 487 cuius

315 525 534 570 scribendi
564 523 714 580 generi
743 523 932 565 maxime
955 523 1231 566 conveniunt.
1280 521 1425 564 Ceteri
1450 521 1685 576 scriptores
1707 522 1823 571 sunt,
1856 518 1909 561 de
1931 518 2088 573 quibus
2109 517 2241 572 vulgo

315 597 532 649 convenit,
564 596 699 638 Iulius
724 595 991 649 Capitolinus,
1033 595 1107 650 qui
1138 594 1320 637 duorum
1350 593 1680 636 Maximinorum
1711 589 1866 647 (patris
1897 592 1942 632 et
1970 587 2083 640 filii),
2113 588 2242 630 trium

317 669 632 714 Gordianorum
669 669 712 710 et
742 666 919 710 Maximi
951 668 994 709 et
1023 666 1198 710 Balbini
1237 666 1349 708 vitas
1388 666 1512 708 iussu
1544 663 1819 707 Constantini
1851 661 2039 718 Augusti
2070 672 2243 704 consar-

316 741 500 794 cinavit,
538 739 762 781 Trebellius
794 738 949 791 Pollio,
990 739 1064 794 qui
1085 737 1324 790 Valeriani,
1358 737 1567 789 Gallieni,
1606 735 1785 790 triginta
1813 738 2116 790 tyrannorum,
2157 732 2245 775 divi

318 812 489 856 Claudii
518 823 589 854 res
621 813 768 866 gestas
799 810 956 853 litteris
986 809 1197 866 prodidit,
1238 809 1423 864 denique
1455 810 1521 851 Fl.
1551 809 1770 862 Vopiscus,
1801 807 1958 850 ceteris
1991 806 2245 857 accuratior,

317 885 441 928 cuius
471 884 586 927 vitae
618 885 719 926 sunt
748 882 985 935 Aureliani,
1018 881 1174 935 Taciti,
1206 882 1350 934 Probi,
1385 880 1500 934 Cari,
1542 882 1784 924 ceterorum
1814 879 1909 922 eius
1940 878 2148 934 temporis
2180 879 2248 932 ty-

316 968 560 999 rannorum.

437 1028 520 1070 Hic
561 1026 819 1068 Diocletiani
855 1027 1052 1081 tempora
1093 1025 1341 1080 ingressos,
1381 1023 1562 1067 Latinae
1605 1023 1774 1066 litterae
1812 1035 1893 1066 nos
1932 1021 2250 1077 derelinquunt,

321 1114 401 1144 nec
435 1099 672 1155 suppetunt
693 1095 851 1139 Graeci
883 1095 1131 1151 scriptores.
1181 1095 1393 1150 Superest
1423 1095 1597 1151 quidem
1627 1096 1830 1148 Zosimus,
1862 1095 1936 1150 qui
1966 1107 2064 1137 cum
2096 1105 2250 1136 causas

321 1172 508 1216 labentis
545 1171 589 1212 et
617 1167 840 1224 pereuntis
870 1167 1042 1222 imperii
1071 1166 1258 1209 Romani
1290 1166 1508 1222 explicare
1547 1169 1592 1209 et
1621 1180 1647 1208 a
1677 1166 1914 1210 Theodosii
1942 1167 2080 1208 morte
2111 1166 2252 1208 iustae

319 1243 525 1288 historiae
564 1239 737 1283 initium
774 1238 916 1282 facere
948 1239 1188 1290 voluisset,
1232 1237 1361 1280 nimis
1393 1237 1479 1280 alte
1509 1251 1599 1280 rem
1629 1240 1832 1294 repetens
1861 1240 1999 1280 totam
2027 1237 2252 1281 historiam

321 1317 561 1359 Romanam
584 1312 810 1364 enarravit,
834 1312 896 1355 ita
916 1314 964 1354 ut
986 1324 1071 1367 quo
1092 1310 1270 1367 propius
1293 1309 1348 1352 ad
1369 1322 1492 1352 suam
1512 1312 1699 1353 aetatem
1718 1310 1888 1353 veniret
1908 1308 1955 1361 (i.
1973 1322 2011 1352 e.
2034 1309 2255 1353 saeculum

321 1403 363 1445 p.
382 1387 481 1431 Chr.
499 1388 589 1429 nat.
610 1382 834 1440 quintum)
859 1396 910 1427 eo
934 1384 1152 1439 copiosior
1171 1382 1308 1425 fieret.
1360 1382 1512 1438 Itaque
1528 1385 1661 1437 primo
1682 1382 1793 1425 libro
1815 1383 2005 1425 omnium
2025 1383 2255 1438 imperato·

322 1473 419 1503 rum
450 1471 588 1514 usque
623 1456 678 1499 ad
699 1456 1020 1499 Diocletianum
1050 1455 1162 1498 vitas
1183 1467 1413 1510 moresque
1441 1455 1631 1497 breviter
1651 1454 1867 1511 designat,
1898 1456 2028 1497 altero
2047 1455 2255 1510 temporis

325 1531 460 1575 multo
492 1530 636 1572 minus
670 1528 881 1584 spatium,
922 1527 980 1571 75
1012 1539 1241 1578 annorum,
1283 1539 1308 1567 a
1338 1525 1610 1568 Diocletiano
1649 1539 1787 1582 usque
1819 1526 1874 1569 ad
1903 1526 2118 1568 Iulianum
2150 1525 2256 1568 Cae-

325 1616 465 1647 sarem
498 1601 763 1644 declaratum
795 1613 833 1642 a.
865 1598 952 1643 355
985 1599 1214 1651 describit,
1248 1598 1366 1639 tertio
1397 1596 1554 1640 Iuliani
1585 1601 1630 1641 et
1659 1598 1826 1641 Ioviani
1854 1601 2071 1654 tempora,
2110 1607 2256 1652 quarto

325 1674 499 1718 tandem
533 1673 587 1715 ad
620 1671 858 1715 Theodosii
887 1672 1071 1714 mortem
1103 1672 1146 1712 et
1175 1669 1348 1712 initium
1377 1682 1609 1725 puerorum
1637 1669 1815 1713 Arcadii
1846 1673 1891 1713 et
1918 1669 2102 1712 Honorii
2132 1670 2258 1725 quasi

323 1746 534 1802 penetrat.
606 1744 695 1787 Sed
731 1743 846 1785 malo
888 1742 1074 1798 quodam
1113 1754 1219 1784 casu
1259 1741 1372 1792 (nisi
1408 1740 1519 1783 forte
1551 1741 1597 1784 id
1629 1743 1827 1786 consulto
1859 1756 1885 1785 a
1915 1742 2103 1785 librariis
2135 1741 2257 1785 Chri-

326 1818 480 1861 stianis
513 1816 678 1859 factum
711 1813 925 1867 dicimus)
956 1815 1020 1857 ita
1050 1814 1231 1866 accidit,
1271 1815 1321 1855 ut
1348 1812 1449 1856 finis
1480 1813 1581 1856 libri
1610 1813 1631 1856 I
1663 1817 1707 1857 et
1735 1815 1907 1857 initium
1938 1815 2038 1857 libri
2067 1814 2132 1867 II,
2172 1824 2257 1869 quo

326 1890 423 1932 loco
445 1888 710 1931 Diocletiani
741 1887 971 1943 imperium
1004 1885 1271 1941 descriptum
1301 1887 1406 1938 erat,
1438 1886 1636 1940 perierit3
1666 1886 1879 1942 itaque-in
1899 1887 1981 1928 hac
2002 1886 2260 1942 gravissima

325 1961 531 2011 historiae
572 1962 694 2016 parte
733 1971 912 2015 prorsus
955 1958 1010 2000 ad
1038 1957 1240 2012 Eutropii
1278 1959 1322 1999 et
1358 1957 1584 2012 utriusque
1606 1957 1799 2000 Victoris
1839 1961 1884 2001 et
1913 1958 2106 2000 Zonarae
2144 1969 2256 2000 com-

326 2033 489 2089 pendia
521 2031 859 2088 confugiendum
890 2033 970 2073 est.
1038 2030 1136 2073 Huc
1167 2029 1379 2085 imprimis
1411 2029 1711 2085 adiungendus
1745 2032 1812 2072 est
1841 2031 2060 2082 Eusebius,
2091 2030 2260 2086 episco-

325 2118 407 2161 pus
442 2104 763 2155 Caesariensis,
802 2103 1006 2158 princeps
1046 2101 1252 2143 historiae
1285 2101 1612 2144 ecclesiasticae
1645 2100 1814 2157 (usque
1845 2102 1900 2144 ad
1931 2115 1968 2144 a.
2001 2101 2134 2154 324),
2173 2114 2260 2145 non

328 2189 412 2232 quo
447 2177 541 2218 eius
572 2174 681 2217 fides
711 2175 756 2216 in
789 2173 1087 2216 describendis
1118 2173 1427 2228 imperatorum
1455 2172 1648 2215 moribus
1680 2186 1945 2229 magnopere
1969 2169 2262 2217 commendari

327 2248 489 2304 possit,
530 2246 607 2290 sed
645 2246 762 2301 quod
798 2246 938 2301 ipsius
977 2245 1203 2301 religionis
1237 2244 1510 2288 Christianae
1552 2244 1743 2287 secunda
1783 2247 1828 2287 et
1866 2245 2050 2287 adversa
2088 2244 2262 2290 &rtuna

328 2320 398 2363 vel
429 2319 616 2362 maxime
670 2318 723 2361 ad
756 2317 1049 2374 cognitionem
1086 2317 1238 2360 horum
1275 2319 1517 2372 temporum
1555 2317 1756 2372 pertinet.
1823 2317 2018 2359 Paucula
2053 2316 2263 2372 quaedam

330 2391 386 2434 ad
414 2391 723 2434 Maximianum
753 2389 1005 2432 Herculium
1038 2391 1082 2432 et
1118 2389 1407 2441 Constantium,
1448 2388 1641 2444 collegas
1674 2387 1950 2441 Diocletiani,
1986 2389 2259 2444 pertinentia,

330 2476 385 2506 ex
421 2464 586 2505 Claudii
615 2463 854 2504 Mamertini
884 2463 928 2504 et
947 2461 1151 2514 Eumenii,
1186 2460 1454 2504 Gallicorum
1483 2460 1718 2512 rhetorum,
1748 2461 2027 2516 panegyricis
2049 2461 2261 2514 hauseris,

331 2536 406 2591 qui
434 2535 638 2591 leguntur
667 2535 712 2576 in
745 2534 949 2589 congerie
980 2542 1153 2575 veterum
1179 2535 1531 2589 paneyyricorum.
1594 2531 1791 2587 (Optima
1821 2532 1954 2575 editio
1975 2532 2139 2588 Wolfg.
2168 2532 2262 2575 Iae-

332 2608 438 2663 geri,
469 2606 662 2649 Norimb.
699 2605 827 2658 1779,
858 2605 914 2647 II.
948 2604 1007 2655 8.)

455 2679 616 2722 Verum
646 2679 721 2721 ubi
752 2677 806 2720 ad
843 2677 1145 2719 Constantinum
1177 2679 1221 2719 et
1253 2678 1485 2732 sequentes
1516 2677 1801 2732 imperatores
1832 2678 2019 2730 veneris,
2058 2689 2145 2720 non
2174 2678 2263 2719 tam
2304 2679 2309 2682 ’

333 2751 516 2807 penuria
554 2754 777 2792 auctorum
817 2749 1024 2803 (quorum
1055 2762 1280 2792 numerum
1320 2751 1452 2805 auget
1479 2749 1722 2803 Eumenius,
1761 2750 2125 2806 panegyricorum
2155 2748 2264 2804 opti-

333 2823 473 2875 mus),
515 2835 643 2878 quam
675 2833 822 2863 eorum
853 2820 1055 2863 dissensu
1085 2834 1298 2864 moveare.
1359 2820 1472 2863 Nam
1501 2821 1713 2873 Zosimus,
1757 2834 1884 2876 quem
1916 2821 2044 2864 modo
2076 2821 2264 2864 diximus

333 2895 441 2938 haec
471 2897 666 2949 tempora
696 2892 803 2935 satis
836 2892 1012 2947 copiose
1052 2892 1341 2948 descripsisse
1359 2926 1369 2945 ,
1409 2893 1600 2949 prudens
1640 2893 1814 2948 quidem
1853 2894 2040 2948 scriptor
2067 2893 2160 2935 iure
2190 2891 2264 2934 ha-

336 2968 478 3019 betur,
511 2965 590 3009 sed
619 2965 682 3007 ita
713 2964 897 3007 ethnicis
929 2963 1215 3019 religionibus
1247 2964 1418 3008 deditus
1452 2968 1533 3018 est,
1565 2967 1614 3007 ut
1645 2965 1698 3007 ob
1730 2965 1842 3007 hanc
1873 2977 2048 3008 causam
2079 2976 2167 3006 non
2185 2963 2263 3005 im-

338 3039 492 3082 merito
523 3038 570 3080 in
604 3036 898 3092 suspicionem
930 3035 1118 3088 venerit,
1158 3049 1212 3077 an
1244 3036 1296 3078 de
1330 3035 1618 3079 Constantino
1650 3039 1694 3079 et
1725 3037 1987 3089 Theodosio,
2018 3034 2264 3091 praecipuis

338 3108 608 3162 Christianae
638 3109 742 3151 fidei
771 3107 981 3164 patronis,
1022 3107 1271 3159 detraxerit,
1315 3110 1432 3150 certe
1463 3107 1579 3162 quod
1607 3108 1823 3151 laudabile
1853 3108 1899 3150 in
1928 3108 1985 3150 iis
2015 3106 2158 3158 fuerit,
2191 3106 2264 3148 ob-

338 3183 589 3226 scuraverit.
643 3180 780 3232 Quam
810 3179 1075 3222 voluntatem
1106 3180 1176 3223 hic
1207 3180 1335 3222 nimis
1367 3193 1392 3222 a
1413 3178 1698 3223 Constantino
1731 3193 1925 3224 aversam
1956 3180 2012 3222 ad
2040 3179 2265 3222 historiam

339 3255 610 3298 scribendam
650 3253 872 3304 attulerat,
914 3252 1096 3296 eandem
1133 3253 1296 3308 magis,
1336 3265 1464 3307 quam
1503 3265 1582 3308 par
1620 3255 1734 3307 erat,
1772 3265 2030 3309 propensam
2061 3252 2266 3293 Eusebius

338 3328 509 3380 habuit,
550 3326 624 3381 qui
654 3328 825 3381 praeter
855 3325 1081 3367 historiam
1122 3324 1467 3368 ecclesiasticam
1499 3325 1719 3380 singulare
1751 3337 1860 3381 opus
1890 3327 1940 3367 de
1969 3326 2057 3367 vita
2088 3324 2180 3366 siv'e
2212 3322 2264 3365 de

339 3399 538 3442 laudibus
576 3398 829 3440 Constantini
861 3397 1136 3452 conscripsit,
1167 3410 1307 3452 neque
1337 3396 1416 3450 illi,
1454 3397 1528 3452 qui
1558 3397 1652 3440 eius
1683 3398 1908 3440 historiam
1938 3409 2077 3451 usque
2107 3395 2163 3436 ad
2192 3407 2265 3436 an-

341 3484 443 3512 num
473 3470 558 3513 439
591 3470 876 3522 deduxerunt,
906 3469 1112 3520 Socrates,
1143 3470 1399 3522 Sozomenus,
1437 3469 1722 3522 Theodoretus,
1755 3470 1862 3518 satis
1885 3469 2181 3522 incorruptum
2201 3466 2265 3508 iu-

342 3542 502 3584 dicium
531 3542 576 3583 in
608 3542 815 3584 acerrimo
846 3541 1033 3596 partium
1065 3541 1209 3583 studio
1241 3542 1475 3596 (imprimis
1498 3541 1550 3583 de
1572 3540 1767 3594 Iuliano)
1797 3540 2121 3597 praestiterunt.
2170 3536 2264 3589 Quo

342 3613 481 3669 magis
519 3615 588 3655 est
625 3613 919 3668 gaudendum,
964 3612 1012 3655 in
1049 3615 1171 3668 parte
1210 3612 1364 3655 saltem
1396 3613 1524 3655 huius
1555 3612 1745 3667 periodi,
1786 3613 1839 3656 ab
1872 3623 1983 3654 anno
2015 3599 2265 3653 354-378
