2392 4016
383 194 465 243 162
587 201 590 208 ’
1155 193 1331 234 Annales
1361 190 1532 234 Romani

408 368 417 377 .
462 368 471 376 .
531 352 566 376 u.
582 352 614 374 c.
674 342 717 373 im
746 362 756 373 .
1649 353 1656 358 ,

379 354 402 385 p
432 344 459 376 c
717 349 740 382 p
831 382 970 440 magis
1003 382 1134 426 etiam
1162 381 1555 450 indulgentissimis
1586 381 1795 438 principis
1827 380 1984 424 litteris
2018 380 2070 423 de
2095 379 2302 425 Christia-

382 504 467 549 154
528 502 613 547 907
681 502 733 546 17
797 439 2065 556 02¹2?¹1¹.‘'.¹¹v¹{?.¹{2⁸.⁶,‘¹¹1⁹3311³s·t1({iiisffiussgffifssssgiff
2089 443 2304 496 qu²⁶⁸t⁰³

381 563 465 609 155
527 561 613 606 908
677 561 731 605 18
793 560 893 605 Cos.
931 559 978 603 0.
1013 559 1149 602 Iulius
1182 558 1383 611 Severus,
1413 559 1470 602 M.
1498 557 1680 602 Rufinus
1716 558 1977 603 Sabinianus
2010 556 2127 610 (suff.
2147 556 2304 600 Antius

420 643 426 645 -
830 618 968 662 Pollio
1000 621 1044 661 et
1075 615 1365 674 Opimianus).

381 683 464 728 156
528 682 613 726 909
677 679 731 723 19
795 677 893 722 Cos.
925 677 979 719 M.
1015 676 1221 720 Ceionius
1255 676 1472 729 Silvanus,
1507 675 1554 719 C.
1589 675 1738 719 Serius
1770 674 2034 732 Augurinus.

381 743 464 788 157
527 741 614 784 910
675 739 732 782 20
794 736 894 780 Cos.
924 736 980 779 Μ.
1014 734 1163 779 Civica
1191 735 1423 789 Barbarus,
1456 735 1512 777 M.
1543 734 1732 778 Metilius
1762 735 1958 791 Regulus
1991 733 2108 787 (suff.
2142 732 2190 786 Q.
2224 732 2303 777 Ca-

829 795 982 838 nusius
1013 794 1323 838 Praenestinus
1358 797 1402 837 et
1433 793 1482 837 C.
1513 793 1673 837 Lusius
1707 791 1939 849 Sparsus).

381 859 464 904 158
527 857 610 901 911
673 855 729 899 21
794 853 894 898 Cos.
928 853 1029 896 Sex.
1065 853 1285 909 Sulpicius
1310 853 1544 906 Tertullus,
1578 851 1627 896 C.
1650 852 1830 896 Tineius
1854 851 2067 895 Sacerdos
2090 850 2304 894 Clemens.

379 918 464 962 159
527 915 611 959 912
672 913 729 957 22
792 912 892 1012 Ops.
924 912 1121 956 Plautius
1162 911 1418 966 Quintillus,
1464 911 1520 955 M.
1561 911 1728 956 Statius
1767 911 1944 954 Priscus
1984 910 2179 954 Licinius
2221 909 2306 952 Ita·
2356 949 2362 955 .

845 984 954 1014 1cus.
1096 1004 1099 1006 .

379 1035 465 1078 160
526 1032 611 1076 913
675 1029 730 1072 23
795 1027 895 1071 Cos.
929 1028 980 1070 T.
1014 1027 1193 1071 Clodius
1215 1027 1370 1072 Vibius
1392 1028 1549 1081 Varus,
1580 1026 1674 1084 Ap.
1694 1027 1863 1071 Annius
1895 1028 2056 1071 Atilius
2087 1027 2274 1070 Bradua.

381 1093 461 1136 161
527 1091 614 1134 914
676 1088 733 1131 24
795 1085 897 1130 Cos·
929 1086 986 1128 M.
1018 1085 1221 1128 Aurelius
1256 1085 1418 1129 Caesar
1447 1085 1529 1139 111,
1559 1085 1610 1129 L.
1645 1084 1907 1130 Commodus
1929 1087 2070 1130 Verus
2102 1086 2147 1129 II
2178 1085 2303 1138 (suff.
2390 1141 2392 1146 .

831 1157 981 1188 mense
1019 1144 1142 1186 Mart.
1174 1144 1350 1186 Avidius
1385 1144 1572 1197 Cassius,
1611 1146 1704 1186 tum
1742 1145 1790 1187 P.
1822 1145 1980 1188 Furius
2011 1144 2305 1195 Saturninus.)
2388 1176 2392 1195 2

830 1204 939 1259 Imp.
971 1203 1066 1255 Pio,
1099 1203 1138 1245 d.
1172 1203 1214 1245 7.
1230 1203 1369 1256 Mart„
1401 1203 1556 1246 aetatis
1588 1215 1701 1246 anno
1733 1202 1804 1246 75.
1835 1206 2018 1255 mortuo,
2049 1203 2307 1246 MARCUS
2390 1212 2392 1262 g

829 1261 1215 1315 ANTONINUS,
1246 1262 1306 1306 40
1336 1276 1373 1305 a.
1406 1264 1550 1315 natus,
1583 1262 1708 1305 cuius
1738 1263 1832 1306 tota
1861 1263 1964 1315 vita,
1995 1264 2040 1304 et
2068 1262 2244 1318 publica
2264 1264 2308 1304 et
2389 1279 2392 1299 ε

831 1322 1016 1378 privata,
1038 1321 1093 1364 ad
1112 1321 1470 1377 philosophorum
1491 1323 1725 1377 praecepta
1746 1321 2020 1364 sanctissime
2042 1320 2308 1364 conformata
2382 1316 2392 1353 ἔ

832 1383 912 1434 est,
944 1380 1057 1423 Non.
1078 1380 1202 1423 Mart.
1233 1381 1462 1436 imperium
1494 1380 1691 1436 suscipit,
1722 1379 1852 1435 idque
1884 1380 2032 1423 statim
2062 1380 2176 1423 ultro
2207 1393 2306 1422 cum
2390 1415 2392 1418 .

833 1440 890 1483 L.
916 1439 1102 1492 VERO,
1137 1439 1208 1482 cui
1237 1439 1451 1483 Lucillam
1481 1438 1542 1481 fil.
1583 1439 1843 1495 despondet,
1883 1439 2192 1491 communicat,
2232 1439 2307 1494 qui

831 1498 858 1542 8
889 1499 1014 1542 annis
1045 1499 1205 1551 minor,
1243 1499 1359 1541 vitae
1399 1498 1567 1541 ratione
1606 1498 1736 1554 longe
1768 1511 1794 1540 a
1825 1498 2038 1554 sapientia
2068 1498 2202 1541 Marci
2232 1498 2305 1541 ab·

757 1589 761 1593 .
831 1557 990 1600 horret.
1051 1558 1149 1599 Duo
1187 1557 1322 1613 igitur
1352 1557 1534 1612 Auyusti
1563 1559 1678 1610 sunt,
1717 1560 1819 1613 post
1847 1559 2030 1600 mortem
2060 1557 2191 1613 vulgo
2221 1558 2307 1599 divi
2388 1559 2392 1589 ἓ

819 1617 985 1670 fratres
1012 1616 1169 1659 vocati.

771 1674 915 1717 Marco
949 1688 1005 1717 ex
1032 1674 1244 1718 Faustina
1274 1675 1385 1731 prid.
1420 1673 1513 1718 Cal.
1548 1674 1669 1730 Sept.
1701 1677 1941 1718 nascuntur
1971 1674 2146 1731 gemini,
2179 1673 2304 1717 Com-

828 1733 1006 1786 modus,
1045 1734 1121 1788 qui
1148 1736 1303 1788 postea
1341 1734 1593 1789 imperavit,
1625 1735 1671 1776 et
1699 1732 1970 1787 Antoninus,
2020 1736 2172 1789 quarto
2203 1737 2306 1790 post

825 1804 938 1834 anno
969 1794 1180 1834 mortuus.

379 1854 463 1899 162
525 1850 611 1897 915
702 1849 728 1894 2
792 1849 893 1894 Cos
927 1849 976 1902 Q.
1009 1850 1160 1893 Iunius
1190 1850 1399 1893 Rusticus
1440 1849 1504 1902 II,
1545 1849 1594 1893 C.
1617 1849 1792 1894 Vettius
1823 1848 2054 1905 Aquilinus
2093 1849 2219 1902 (suff.
2253 1849 2301 1902 Q.

829 1909 1007 1953 Flavius
1027 1908 1287 1960 Tertullus).
1317 1908 1605 1952 Barbararum
1634 1910 1828 1965 gentium
1848 1911 1990 1952 motus
2011 1909 2202 1964 undique
2219 1912 2304 1952 ter-

829 1971 937 2011 rent.
1008 1968 1280 2011 Britanniam
1308 1967 1540 2011 Caledonii
1577 1970 1758 2021 vexant,
1800 1971 1951 2011 contra
1981 1980 2089 2024 quos
2119 1968 2305 2011 mittitur

829 2027 931 2070 Sex.
965 2026 1224 2084 Calpurnius
1246 2025 1467 2083 Agricola,
1497 2027 1544 2069 in
1570 2026 1846 2071 Germaniam
1874 2027 2157 2084 Raetiamque
2187 2027 2303 2071 Catti

639 2086 770 2126 Marci
827 2087 1157 2142 impressionem
1195 2086 1383 2139 faciunt,
1423 2086 1580 2142 quibus
1610 2085 1810 2130 Aufidius
1833 2086 2084 2130 Victorinus
2123 2087 2301 2139 resistit,

676 2150 728 2184 tr·
833 2144 1089 2188 Germaniae
1130 2158 1226 2202 sup.
1257 2145 1449 2201 legatuS,
1492 2145 1570 2188 sed
1609 2146 1841 2201 praecipue
1871 2146 2043 2199 Parthi,
2083 2146 2162 2189 sub
2199 2158 2303 2202 rege

655 2209 742 2253 pot.
829 2203 1063 2261 Vologese,
1097 2203 1287 2247 Orientis
1318 2204 1563 2259 provincias
1595 2207 1782 2257 vastant,
1813 2208 2044 2260 postquam
2066 2205 2181 2262 apud
2204 2204 2303 2247 Ele-

676 2264 727 2301 16
797 2281 799 2284 >
830 2263 946 2318 giam
985 2263 1202 2318 legionem
1231 2263 1491 2315 Romanam,
1531 2276 1640 2318 quae
1674 2263 1975 2319 Cappadociae
2015 2263 2303 2319 praesidebat,

834 2334 932 2364 cum
972 2321 1210 2365 Severiano
1258 2322 1403 2377 legato
1444 2322 1741 2365 conciderunt.
1819 2321 2043 2365 Adversus
2083 2335 2157 2366 eos
2199 2323 2302 2378 imp.

836 2380 966 2422 Verus
991 2382 1281 2435 proficiscitur,
1313 2380 1415 2423 dum
1434 2380 1605 2424 Marcus
1627 2380 1790 2423 Romae
1823 2393 2034 2423 summam
2062 2394 2197 2437 remp.
2228 2381 2302 2424 ad·
2382 2410 2392 2414 -

826 2439 1057 2482 ministrat.
1109 2439 1289 2482 Praetor
1319 2439 1518 2483 tutelaris
1549 2438 1713 2483 Remae
1741 2440 1998 2493 instituitur,
2027 2441 2191 2496 primus
2221 2440 2305 2483 fuit

824 2496 978 2541 Arrius
1008 2497 1269 2542 Antoninus.

378 2556 461 2601 163
525 2554 610 2599 916
703 2553 730 2598 3
793 2554 892 2599 Cos.
942 2556 998 2599 M.
1035 2557 1219 2600 Pontius
1258 2557 1491 2600 Laelianus
1538 2556 1721 2600 Larcius
1762 2557 1971 2610 Sabinus,
2027 2557 2076 2609 Q.
2115 2558 2300 2601 Mustius

825 2614 1004 2659 Priscus
1025 2615 1182 2659 Pastor
1214 2616 1335 2669 (suff.
1360 2615 1568 2660 Claudius
1592 2616 1795 2669 Severus,
1825 2617 1929 2672 phil.
1957 2617 2300 2672 peripateticus.)

674 2677 724 2711 tr-
825 2673 967 2717 Verus
1006 2672 1264 2719 Antiochiae
1296 2674 1554 2732 (Daphnae)
1594 2675 1807 2718 luxuriae*
1831 2688 1882 2718 ac
1921 2676 2215 2731 voluptatibus
2254 2689 2301 2719 se

654 2735 740 2781 pot·
831 2731 973 2786 dedit,
1012 2734 1090 2776 sed
1127 2734 1294 2777 interea
1330 2734 1466 2790 legati
1500 2734 1663 2778 bellum
1700 2734 1885 2777 feliciter
1915 2737 2090 2790 gerunt:
2133 2734 2299 2777 Statius

674 2792 724 2829 17
824 2790 1003 2835 Priscus
1036 2791 1263 2846 Artaxata,
1301 2791 1476 2836 Armen.
1511 2796 1662 2849 caput,
1703 2796 1946 2849 expugnat,
1985 2806 2087 2836 mox
2116 2794 2301 2836 Martius

835 2849 963 2893 Verus
991 2849 1208 2894 Armeniis
1239 2865 1388 2908 regem
1418 2853 1614 2908 imponit.
1667 2851 1846 2895 Iuridici
1876 2854 2078 2907 quattuor
2107 2866 2186 2908 per
2215 2852 2299 2896 Ita-

824 2907 927 2951 liam
955 2909 1241 2953 instituuntur
1272 2924 1327 2954 ex
1357 2912 1586 2966 praetoriis
1617 2911 1722 2953 viris
1755 2911 1809 2954 ab
1839 2911 2178 2968 imp..eligendi.

377 2966 460 3009 164
528 2965 611 3009 917
708 2964 736 3007 4
798 2964 898 3009 Co's.
930 2967 985 3009 M.
1017 2967 1251 3024 Pompeius
1281 2970 1514 3022 MacrinuS‚
1544 2970 1592 3012 P.
1615 2969 1838 3013 Iuventius
1872 2969 2025 3013 Celsus
2058 2970 2171 3021 (suff.
2201 2970 2300 3013 Fla-

825 3026 922 3068 vius
953 3025 1186 3080 Boethus.)
1247 3027 1296 3070 L.
1319 3028 1460 3071 Verus
1492 3029 1656 3084 Ephesi
1686 3029 1913 3071 sollemnia
1933 3029 2179 3084 nuptiarum
2200 3042 2299 3072 cum

824 3082 1007 3138 Lucilla,
1029 3085 1163 3129 Marci
1183 3085 1286 3139 filia,
1318 3087 1522 3130 celebrat.
1565 3087 1735 3130 Marcus
1759 3087 2000 3142 appellatur
2018 3088 2298 3142 Armeniacus,

825 3143 940 3197 quod
971 3156 1129 3188 nomen
1149 3144 1291 3189 Verus
1321 3146 1450 3200 paulo
1482 3147 1582 3188 ante
1614 3148 1870 3202 sumpserat.

380 3198 465 3243 165
528 3197 613 3242 918
707 3198 733 3243 5
795 3198 895 3244 Cos.
925 3202 980 3245 M.
1015 3202 1151 3247 Gavio
1185 3203 1334 3256 Orfito,
1365 3204 1415 3247 L.
1446 3203 1572 3247 Arrio
1603 3204 1799 3248 Pudente
1819 3205 1996 3247 Avidius
2021 3205 2200 3258 Cassius,
2231 3218 2298 3248 se-

823 3260 1075 3305 verissimae
1107 3263 1363 3320 disciplinae
1393 3263 1567 3316 vindex,
1601 3277 1700 3306 cum
1720 3264 1805 3320 leg.
1829 3263 2022 3319 Syriacis
2046 3264 2298 3307 Osrhoenen

671 3319 721 3354 tr.
822 3320 867 3360 et
895 3317 1149 3364 Adiabenen
1178 3322 1225 3365 in
1253 3323 1517 3378 potestatem
1546 3322 1727 3379 redigit,
1768 3322 2013 3366 Seleuciam
2045 3323 2100 3366 ad
2130 3323 2296 3379 Tigrim

652 3379 738 3423 pot.
824 3375 1013 3420 deditam
1033 3379 1238 3434 incendit,
1269 3381 1553 3437 hominesque
1574 3381 1793 3435 interficit,
1827 3380 2109 3438 Ctesiphonte
2131 3382 2295 3437 regiam

671 3434 722 3471 19
822 3434 1076 3480 Parthorum
1109 3439 1235 3483 delet.
1284 3440 1528 3487 Sedoritur
1546 3440 1667 3484 illinc
1690 3441 1743 3484 de
1763 3441 1925 3497 templo
1945 3441 2162 3497 Apollinis
2185 3439 2295 3483 Cho-

823 3493 948 3537 chaei
976 3497 1237 3551 pestilentia.
