2392 4016
601 219 654 258 ab
686 231 792 259 anno
825 231 862 258 a.
885 217 980 260 Chr.
1014 221 1098 261 262
1131 231 1260 270 usqum
1291 222 1343 260 ad
1374 234 1523 261 annum
1548 222 1645 262 247.
2039 222 2096 269 79

161 374 193 398 a.
215 364 298 398 chr.
358 374 391 399 u.
410 375 439 399 c.

554 422 674 456 oeam
704 409 858 468 legunt
889 413 934 454 et
963 410 1240 468 praedantur.
1280 411 1361 456 sed
1390 411 1437 456 in
1469 414 1774 469 tempestatem
1813 414 2013 459 incidunt
2041 415 2096 458 ad

552 469 799 528 Meningem
829 470 1034 524 insulam,
1065 483 1123 515 ex
1153 482 1240 527 qua
1259 483 1400 528 aegre
1433 473 1609 525 servati,
1642 473 1742 516 dum
1777 474 1989 517 Panemo
2012 473 2095 517 Ita-

552 530 655 575 liam
683 532 903 587 repetunt,
935 530 1092 574 iterum
1122 531 1245 574 tanta
1274 529 1400 574 clade
1423 529 1684 584 afficiuntur,
1719 537 1765 575 ut
1787 536 1964 577 senatus
1987 534 2094 577 mari

551 588 858 634 abstinendum
879 591 1073 641 censeat,
1103 588 1189 634 nisi
1209 591 1316 645 quot
1335 589 1519 634 navibus
1541 595 1807 635 commeatus
1829 593 2095 637 exercitibus

551 647 846 704 deportentur.
909 647 1167 704 Triumphat
1195 650 1342 692 tamen
1374 647 1423 692 0.
1456 648 1624 705 Sempr.
1657 662 1749 694 cos.
1782 650 1836 694 de
1867 651 2042 696 Poenis.

613 704 830 751 Censores
862 706 914 751 D.
936 707 1090 752 Iunius
1111 706 1236 760 Pera,
1268 706 1319 750 L.
1341 706 1595 752 Postumius
1616 708 1843 766 Megellus,
1875 711 1949 766 qui
1981 710 2094 754 idem

550 768 726 822 praetor
757 768 864 809 erat.
927 766 1022 810 Hoc
1053 768 1224 809 mortuo
1254 766 1328 810 ille
1361 766 1549 812 abdicat.

186 824 271 869 252
353 823 441 869 502
503 823 604 868 Cos.
642 825 686 868 C.
718 826 915 868 Aurelius
933 825 1073 878 Ὀοεεα,
1105 825 1155 867 P.
1177 825 1383 869 Servilius
1409 825 1640 878 Geminus.)
1695 826 1793 871 Tib.
1821 828 2096 870 Coruncanius

432 904 440 916 ·
549 884 714 940 primus
746 883 944 940 pontifex
975 884 1192 928 maximus
1224 886 1274 927 de
1301 886 1420 941 plebe
1449 885 1613 939 factus,
1655 885 1770 930 idem
1802 887 2094 944 peritissimus

550 943 659 987 iuris
697 941 926 1000 pontificii.
999 942 1101 987 Cos.
1140 944 1362 989 Himeram
1400 946 1601 1003 capiunt,
1642 945 1846 990 Aurelius
1879 946 2094 1003 Liparam,

552 1002 630 1046 sed
662 1014 804 1059 neque
835 1003 932 1056 hoc,
965 1015 1047 1047 nec
1079 1004 1280 1059 sequenti
1311 1017 1426 1048 anno
1456 1005 1502 1048 in
1522 1005 1665 1062 planis
1691 1019 1789 1050 cum
1812 1006 1971 1050 Poenis
1992 1019 2094 1049 con-

549 1061 674 1119 gredi
704 1061 880 1115 audent,
922 1061 1210 1106 Hasdrubalis
1243 1063 1485 1108 exercitum
1523 1067 1568 1108 et
1598 1064 1855 1121 elephantos
1892 1066 1977 1109 140
2007 1079 2094 1109 me·

546 1124 735 1168 tuentes.

609 1180 740 1225 Gens.
777 1175 847 1224 M'.
875 1179 1077 1224 Valerius
1116 1180 1343 1235 Messalla,
1388 1182 1449 1226 -Ρ,
1488 1182 1717 1240 Sempron.
1757 1183 1931 1241 Sophus
1972 1197 2094 1228 seve·

547 1252 640 1284 ram
685 1251 913 1351 censz3ram
961 1241 1121 1296 agunt,
1175 1240 1314 1284 lustro
1371 1254 1505 1286 censa
1550 1247 1653 1287 sunt
1709 1242 1884 1287 297797
1933 1245 2090 1301 capita.

550 1297 703 1352 (lustr.
737 1298 793 1342 37
823 1331 833 1341 .

182 1355 264 1400 251
349 1356 436 1401 503
499 1355 600 1402 Cos.
630 1359 685 1401 L.
724 1358 928 1401 Caecilius
958 1357 1165 1411 Metellus,
1209 1358 1265 1402 C.
1285 1359 1438 1403 flarius
1467 1360 1640 1403 Pacilus
1671 1359 1832 1403 frustra
1861 1362 1905 1404 in
1939 1361 2094 1405 Sicilia

550 1417 712 1463 bellum
773 1420 913 1461 erunt.

180 1473 269 1518 250
346 1474 436 1520 504
499 1475 600 1521 Cos.
637 1476 682 1521 0.
714 1429 872 1519 Agtilius
902 1475 1092 1530 Requlus
1121 1475 1185 1529 II,
1217 1477 1271 1521 L.
1297 1477 1487 1520 Manlius
1512 1478 1636 1522 Vulso
1666 1478 1801 1534 Lonq.
1836 1480 1927 1530 II.)
1979 1480 2091 1523 Dum

548 1536 704 1580 classis
734 1535 783 1579 in
813 1535 940 1579 Italia
970 1547 997 1576 a
1027 1546 1117 1578 cos.
1152 1540 1447 1592 comparatur,
1485 1538 1542 1580 L.
1574 1538 1771 1580 Metellus
1806 1552 1976 1595 procos.
2011 1541 2091 1583 Pa-

547 1595 686 1639 normi
716 1595 941 1646 obsessus,
972 1594 1295 1650 opportunitate
1326 1596 1392 1639 rei
1420 1596 1637 1652 gerendae
1667 1598 1827 1651 oblata,
1859 1612 1958 1642 cum
1980 1599 2090 1642 Has—

545 1654 727 1698 drubale
766 1652 986 1710 confligit,
1034 1656 1079 1695 et
1115 1653 1286 1710 ingenti
1322 1658 1544 1712 reportata
1582 1657 1787 1710 victoria,
1834 1659 2089 1715 elephantos

539 1725 696 1759 ,omnes
727 1713 858 1769 capit,
890 1713 966 1769 qui
994 1712 1040 1756 in
1070 1713 1288 1769 triumpho
1320 1715 1622 1769 circumducti,
1653 1716 1816 1759 Romae
1848 1718 2089 1762 missilibus

545 1772 818 1816 occiduntur.
886 1770 1086 1816 Metellus
1127 1773 1376 1828 speciosum
1415 1774 1680 1831 triumphum
1718 1777 1823 1832 agit.
1893 1778 2088 1834 Regulus

546 1835 639 1875 tum
672 1831 934 1888 Carthagine
966 1830 1149 1874 Romam
1184 1832 1348 1876 missus
1378 1831 1432 1877 de
1462 1833 1727 1878 redimendis
1759 1837 1944 1892 captivis
1977 1849 2089 1879 mor-

458 1932 463 1939 ,
543 1894 631 1935 tem
662 1890 809 1936 subire
830 1889 1008 1943 mavult,
1042 1902 1170 1945 quam
1191 1890 1428 1947 quidquam
1447 1891 1658 1938 Romanis
1678 1893 1835 1938 inutile
1858 1896 2057 1939 suadere.

604 1948 705 1993 Cos.
739 1962 837 1993 cum
869 1949 1012 1992 classe
1050 1961 1206 1994 recens
1238 1954 1491 2008 comparata
1521 1952 1567 1996 in
1599 1952 1720 1997 Sicil.
1754 1954 1938 2009 profecti
1969 1954 2088 2011 Lily-

543 2008 701 2053 baeum
731 2008 851 2054 omni
880 2010 1091 2064 apparatu
1122 2013 1390 2066 oppugnant,
1422 2010 1503 2055 sed
1533 2023 1631 2054 cum
1663 2012 1767 2057 urbs
1801 2025 1970 2057 summa
1989 2027 2089 2071 prn-

543 2066 691 2112 dentia
721 2080 773 2112 ac
807 2067 964 2110 virtute
997 2068 1051 2112 ab
1073 2067 1319 2114 Himilcone
1351 2068 1622 2123 defendatur,
1657 2071 1850 2116 incensis
1883 2074 2087 2129 operibus

542 2127 636 2171 suis
666 2139 840 2171 omnem
869 2138 992 2182 spem
1025 2127 1072 2170 in
1103 2125 1333 2171 obsidione
1363 2128 1523 2172 habere
1555 2134 1784 2186 coguntur.

175 2181 263 2227 249
345 2183 430 2233 505
494 2183 597 2229 Cos.
627 2185 680 2230 P.
706 2185 904 2229 Claudius
935 2185 1133 2238 Pulcher,
1167 2185 1224 2229 L.
1253 2186 1399 2230 Iunius
1428 2187 1617 2239 Pullus.)
1677 2188 1726 2232 P.
1761 2188 1984 2243 Claudius,
2018 2204 2088 2234 su-

539 2244 673 2300 perbe
702 2243 979 2301 reprehensis
1018 2244 1210 2300 priorum
1241 2245 1400 2295 ducum
1430 2247 1651 2301 consiliis,
1696 2261 1795 2291 cum
1825 2249 2086 2302 Adherbale,

540 2302 732 2360 Drepani
752 2303 988 2360 praefecto,
1019 2316 1211 2359 pugnam
1236 2305 1435 2350 navalem
1455 2308 1717 2363 contemptis
1740 2309 1949 2364 auspiciis
1971 2322 2086 2352 com-

539 2362 696 2416 mittit,
735 2375 872 2418 eaque
903 2375 1036 2406 naves
1069 2362 1127 2406 93
1157 2364 1339 2418 amittit,
1369 2364 1464 2421 ipse
1501 2378 1600 2410 cum
1631 2367 1782 2423 paucis
1815 2368 1972 2411 evadit.
2035 2368 2083 2411 In

539 2421 712 2473 Italiam
741 2424 972 2466 revocatus
1004 2424 1203 2467 senatum
1234 2423 1359 2476 ludit,
1399 2424 1656 2469 dictatorem
1688 2426 1838 2470 dicens
1871 2427 1925 2469 M.
1958 2426 2085 2470 Clau·

539 2480 658 2531 dium
693 2480 894 2534 Gliciam,
926 2481 1001 2537 qui
1032 2481 1178 2525 scriba
1207 2481 1363 2536 fuerat,
1395 2482 1510 2537 (sine
1541 2497 1655 2541 mag.
1688 2485 1783 2541 eq.)
1815 2489 1860 2529 et
1891 2486 1980 2529 cito
2011 2487 2084 2529 ab·

539 2539 684 2585 dicare
717 2553 766 2584 se
799 2542 980 2584 coactus
1011 2542 1092 2584 est.

595 2598 720 2643 Alter
761 2611 852 2645 cos.
893 2611 993 2643 cum
1030 2599 1199 2656 ingenti
1239 2599 1381 2643 classe
1420 2601 1594 2645 navium
1634 2603 1927 2649 onerariarum
1967 2604 2085 2647 circa

539 2657 794 2715 Pachynum
826 2661 945 2706 metu
976 2657 1251 2703 Carthalonis
1282 2659 1367 2703 sibi
1398 2659 1648 2706 insidiantis
1679 2675 1882 2714 versans,
1921 2667 2082 2720 tempe-

541 2719 655 2761 state
691 2720 787 2760 orta
823 2717 869 2760 in
908 2717 1033 2761 litore
1071 2717 1340 2774 importuoso
1378 2720 1514 2764 totam
1552 2719 1738 2765 classem
1782 2722 1947 2777 perdit,
1997 2735 2083 2779 quo

540 2774 717 2828 iactum,
738 2778 788 2820 ut
807 2779 986 2819 senatus
1007 2776 1165 2821 iterum
1185 2778 1292 2820 mari
1310 2779 1590 2823 abstinendum
1610 2781 1851 2826 maneret.
1886 2781 2083 2827 Dictator

540 2835 605 2879 rei
645 2835 691 2879 in
722 2834 876 2879 Sicilia
913 2835 1130 2891 gerendae
1170 2847 1303 2882 cauea
1343 2836 1504 2890 dicitur
1540 2837 1593 2883 A.
1635 2838 1796 2883 Atilius
1840 2838 2080 2894 CalatinuS,

218 2926 222 2937 ,
252 2919 274 2945 m
535 2893 700 2950 primus
732 2896 856 2937 extra
887 2893 1057 2939 Italiam
1087 2892 1165 2947 (L.
1199 2893 1419 2942 Caecilius
1450 2897 1650 2943 Metellus
1684 2912 1797 2954 mag.
1830 2899 1917 2955 eq.)

170 2947 257 2992 248
338 2950 424 2995 506
488 2951 590 2996 Cos.
625 2951 671 2996 C.
691 2952 887 2997 Aurelius
910 2953 1032 2996 Cotta
1062 2953 1126 3007 ll,
1159 2953 1210 2999 P.
1230 2954 1436 2999 Servilius
1461 2956 1652 3002 Geminus
1672 2958 1764 3008 11.)
1818 2954 2078 3002 ΗΑΜιιῦΑκ

223 3040 225 3043 v
380 3047 382 3050 ,
539 3007 742 3055 Bines-
775 3010 977 3069 Oarthag.
1010 3011 1100 3057 dux
1127 3013 1173 3056 in
1204 3012 1328 3059 Sicil.
1359 3015 1560 3069 mittitur,
1592 3017 1665 3073 qui
1696 3017 1966 3061 Bruttiorum
1996 3018 2078 3061 Lu-

538 3082 830 3127 canorumque
860 3083 979 3116 oram
1010 3072 1268 3117 maritimam
1299 3073 1547 3131 populatus,
1587 3076 1633 3119 in
1664 3075 1819 3119 Sicilia
1846 3076 2077 3133 Epiercten

537 3131 726 3186 occupat
750 3129 868 3175 inter
897 3130 1064 3175 medios
1096 3131 1259 3184 hostes,
1300 3145 1481 3188 eamque
1513 3136 1671 3177 tuetur.
1734 3134 1919 3179 Romani
1949 3149 1976 3179 a
2006 3136 2078 3179 Li—

536 3186 692 3289 hybiaeo
729 3200 819 3233 non
857 3188 1103 3235 discedunt.
1154 3212 1210 3220 —
1255 3190 1467 3236 Aesulum
1506 3196 1552 3236 et
1588 3192 1758 3237 Alsium
1797 3193 1880 3237 col.
1917 3194 2076 3238 civium

566 3259 589 3289 e
623 3248 762 3291 uotae.

172 3302 257 3346 247
340 3302 426 3347 507
491 3302 591 3348 Cos.
624 3304 679 3348 L.
716 3305 921 3349 Caecilius
951 3306 1145 3350 Metellus
1177 3307 1239 3360 11,
1287 3306 1345 3351 N.
1378 3308 1536 3355 Fabius
1565 3310 1704 3355 Buteo
1735 3310 1888 3355 divisis
1921 3312 2075 3369 copiis,

256 3395 261 3402 ,
537 3363 682 3420 Lilyb.
712 3366 758 3408 et
777 3363 980 3422 Drepana
1008 3366 1234 3420 obsident3
1266 3366 1422 3413 classis
1454 3369 1720 3426 privatorum
1752 3371 1907 3427 opibus
1929 3383 1978 3415 ac
2002 3384 2074 3429 pe-

536 3422 674 3467 riculo
706 3427 955 3481 comparata
983 3424 1216 3481 praedatur
1245 3437 1324 3483 per
1353 3430 1473 3471 oram
1503 3428 1690 3473 Africae.

596 3479 1019 3587 censsblsskffflim
1060 3483 1213 3539 Galat„
1258 3484 1311 3530 A.
1350 3485 1537 3531 Manlius
1570 3487 1817 3545 Torquatus
1859 3488 1958 3533 lust.
2000 3489 2070 3534 38.

535 3551 654 3585 cens.
865 3573 876 3585 .

593 3598 801 3646 Nascitur
828 3599 1046 3646 Hannibal
1076 3600 1321 3647 Poenorum
1351 3603 1599 3662 imperator.
