2392 4016
288 211 348 254 40
999 209 1218 259 Imperium
1249 208 1507 249 Graecorum.

288 399 433 445 Aetoli
463 399 690 444 Dodonam
719 402 894 445 vastant

291 460 518 516 Philippus
550 459 690 503 hieme
720 459 767 503 in
796 459 1097 516 Peloponneso
1129 457 1316 503 Achaeis
1349 458 1557 502 auxilium
1587 458 1730 503 ferens
1752 457 1883 502 Aeto-

351 519 491 562 lorum
523 519 667 563 socios
700 519 951 576 aggreditur

292 578 403 622 Tum
437 577 717 634 Cephallenia
754 578 954 634 repulsus
994 578 1135 634 ipsam
1165 576 1380 620 Aetoliam
1421 576 1606 630 invadit,
1649 577 1882 620 Thermum

351 637 467 694 capit
498 650 547 680 ac
579 638 735 690 vastat,
766 638 813 680 in
843 637 1191 693 Peloponnesum
1221 648 1422 680 reversus
1455 635 1693 691 Spartanos
1724 637 1882 692 premit

291 696 518 752 Philippus
550 696 745 740 Paeones
778 697 969 749 subiicit,
1003 695 1310 739 Thessalorum
1341 696 1415 751 qui
1447 695 1502 738 ad
1533 695 1710 738 Aetolos
1744 695 1883 738 desci-

349 757 501 799 verant
538 755 683 811 punit:
735 755 814 798 sed
853 754 1049 798 victoriis
1088 754 1345 798 Hannibalis
1393 755 1438 797 in
1475 754 1603 797 Italia
1649 754 1881 810 compertis

349 827 501 870 pacem
531 826 630 857 cum
660 811 830 857 Aetolis
862 813 969 857 facit

291 872 411 916 Idem
442 872 601 930 vfoedus
643 885 742 916 cum
771 872 1014 916 Hannibale
1055 873 1099 914 et
1140 870 1577 928 Carthaginiensibus
1617 874 1767 915 contra
1798 871 1883 914 Ro-

349 943 519 983 manos,
550 931 716 986 Illyrici
746 944 864 974 oram
895 931 1165 982 obtinentes,
1197 931 1278 973 init

292 990 379 1033 Sed
410 1003 435 1032 a
452 989 747 1090 llllomanorum
768 990 923 1042 classe,
955 989 1057 1032 dum
1076 987 1352 1044 Apolloniam
1379 991 1616 1045 oppugnat,
1647 1001 1883 1045 oppressus

348 1061 449 1104 repe
485 1049 572 1091 itur
1596 1072 1604 1079 -

292 1106 499 1150 Graeciae
527 1107 771 1149 libertatem
804 1102 1044 1162 opprimere
1077 1107 1274 1158 conatus,
1304 1103 1486 1148 Aratum
1516 1118 1683 1148 veneno
1714 1105 1830 1148 tollit

290 1165 436 1209 Aetoli
464 1165 673 1208 societate
705 1177 804 1206 cum
836 1164 1043 1207 Romanis
1073 1164 1182 1207 inita
1212 1163 1375 1207 bellum
1396 1163 1604 1207 adversus
1625 1163 1883 1207 Macedones

351 1227 395 1267 et
423 1222 623 1267 Achaeos
654 1226 830 1266 movent

289 1282 437 1326 Aetoli
465 1281 755 1326 Acarnaniam
785 1284 984 1334 vastant,
1004 1282 1190 1324 Romani
1220 1280 1432 1338 Aeginam
1465 1282 1642 1338 capiunt

290 1341 436 1387 Aetoli
468 1342 606 1385 adiuti
637 1356 662 1385 a
691 1342 899 1385 Romanis
940 1342 984 1384 et
1015 1339 1161 1384 Attalo
1200 1354 1304 1397 rege
1345 1341 1400 1383 ad
1430 1340 1625 1384 Lamiam
1656 1352 1755 1383 cum
1786 1339 1885 1382 Phi-

350 1402 467 1457 lippo
502 1401 711 1444 dimicant

291 1461 577 1515 Philopoemen
606 1462 780 1517 praetor
808 1458 1082 1504 Achaeorum
1113 1461 1284 1502 creatus
1316 1459 1484 1515 lapsam
1515 1457 1789 1515 disciplinam
1819 1470 1884 1500 re-

350 1520 492 1563 stituit

291 1578 412 1622 Idem
442 1577 740 1621 Machanidam
770 1580 1003 1633 tyrannum
1037 1577 1298 1633 Spartanum
1330 1576 1384 1619 ad
1414 1576 1677 1620 Mantineam
1709 1574 1852 1618 caedit

291 1635 436 1680 Aetoli
465 1637 614 1680 invitis
647 1649 696 1679 ac
728 1637 1024 1680 nescientibus
1046 1636 1172 1679 Rom.
1203 1649 1356 1692 pacem
1378 1649 1476 1678 cum
1498 1635 1699 1691 Philippo
1721 1633 1888 1677 faciunt

291 1696 400 1739 Item
432 1696 618 1739 Romani
649 1696 844 1750 sociique
877 1708 1025 1738 eorum
1048 1695 1264 1778 Spartani,
1297 1695 1406 1748 Elei,
1438 1694 1743 1746 Athenienses,
1774 1693 1885 1736 Mes-

352 1755 464 1798 senii
493 1767 592 1797 cum
622 1754 822 1810 Philippo

291 1814 540 1870 Philippus,
578 1813 686 1856 inito
725 1813 898 1855 foedere
937 1825 1036 1854 cum
1066 1809 1281 1855 Antiocho
1312 1811 1366 1854 M.
1409 1814 1560 1855 contra
1589 1811 1886 1858 Ptolemaeum

349 1872 634 1929 Epiphanem,
664 1872 710 1914 111
741 1872 892 1914 Asiam
922 1871 1145 1923 traiectuS,
1183 1883 1282 1914 cum
1312 1871 1469 1914 Prusia
1498 1871 1676 1927 Bithyn.
1708 1871 1886 1913 coniun-

351 1932 481 1988 gitur,
515 1930 709 1987 Cyanam
741 1930 870 1983 delet,
904 1930 982 1973 sed
1012 1930 1271 1986 Pergamum
1303 1942 1457 1987 capere
1490 1930 1654 1986 nequit,
1687 1941 1786 1972 cum
1811 1927 1886 1972 At-

349 1990 437 2033 talo
477 1992 521 2033 et
549 1989 753 2044 Rhodiis,
795 1990 1087 2033 Romanorum
1126 1989 1280 2043 sociis,
1323 1989 1379 2033 ad
1410 1989 1565 2034 Chium
1605 1988 1747 2032 classe
1787 2001 1887 2045 pro-

353 2062 477 2106 spere
510 2049 688 2092 dimicat

293 2108 345 2151 In
379 2107 507 2151 Caria
534 2108 697 2150 hiemat

293 2166 585 2213 Athenienses
624 2166 739 2209 bello
779 2165 922 2222 pressi
963 2178 989 2207 a
1018 2165 1183 2208 Maced.
1215 2165 1436 2216 Romanos
1475 2165 1522 2208 in
1555 2164 1783 2209 Graeciam
1823 2179 1889 2208 ar-

354 2227 546 2279 cessunt,
577 2225 739 2270 bellum
770 2225 1064 2270 Romanorum
1095 2226 1246 2267 contra
1276 2224 1525 2281 Philippum
1555 2220 1730 2280 incipit,
1770 2224 1889 2267 adiu-

354 2285 556 2328 vantibus
588 2284 770 2328 Rhodiis
802 2286 846 2327 et
876 2282 1022 2328 Attalo
1052 2296 1157 2340 rege
1189 2285 1233 2326 et
1251 2283 1420 2327 Nabide
1450 2285 1636 2339 tyranno
1659 2283 1887 2340 Spartano,

353 2357 458 2389 mox
486 2338 670 2396 Aetolis,
702 2343 755 2387 ab
788 2357 824 2386 a.

295 2402 523 2460 Philippus
545 2376 750 2459 Abydum
781 2415 882 2446 vere
914 2402 1044 2459 capit,
1075 2397 1249 2446 Attalus
1271 2399 1464 2445 Athenas
1486 2413 1584 2444 cum
1607 2401 1747 2444 classe
1769 2401 1889 2444 venit

353 2464 518 2506 aestate

298 2521 446 2565 Tertio
477 2521 583 2567 belli
612 2533 725 2564 anno
748 2521 1001 2563 Flamininus
1030 2531 1118 2564 cos.
1142 2519 1267 2562 Rom.
1295 2519 1342 2562 in
1366 2518 1592 2562 Graeciam
1619 2521 1736 2562 terra
1754 2519 1887 2571 venit,

352 2580 548 2623 Elateam
581 2580 711 2636 capit,
744 2592 892 2623 omnes
928 2578 1119 2622 Graecos
1152 2580 1304 2622 contra
1334 2578 1581 2634 Philippum
1612 2578 1838 2634 coniungit

298 2639 498 2696 Philippo
532 2639 586 2682 ad
609 2638 963 2695 Cynoscephalas
995 2632 1110 2681 victo
1131 2651 1220 2694 pax
1240 2637 1375 2690 facta;
1409 2636 1630 2689 Corintho,
1665 2636 1885 2689 Chalcide,

354 2698 652 2751 Demetriade,
701 2698 880 2741 urbibus
927 2697 1257 2750 munitissimis,
1303 2696 1522 2752 praesidia
1571 2695 1747 2740 deducit
1784 2696 1883 2739 Phi-

350 2757 495 2813 lippus
534 2789 541 2792 -

294 2815 567 2859 Flamininus
601 2814 798 2859 Corinthi
835 2814 882 2856 in
913 2813 1026 2857 ludis
1059 2813 1252 2858 Isthmiis
1283 2813 1527 2857 libertatem
1559 2826 1706 2856 earum
1737 2794 1886 2856 civita-

351 2877 444 2918 tum
478 2873 758 2927 Graecarum‚
790 2885 900 2929 quae
932 2872 1133 2930 Philippo
1167 2873 1388 2917 subiectae
1418 2872 1602 2926 fuerant,
1633 2872 1886 2928 pronuntiat

294 2933 433 2976 Nabis
463 2934 516 2976 ab
547 2934 698 2990 imper.
719 2906 845 2976 R’om.
878 2931 1140 2985 debilitatur,
1172 2945 1253 2976 nec
1284 2935 1430 2976 tamen
1461 2931 1683 2974 dominatu
1706 2931 1887 2987 Spartae

351 2993 559 3048 privatur.
613 2991 722 3048 Argi
751 2992 990 3035 liberantur
1022 2994 1065 3033 et
1096 2992 1280 3034 concilio
1303 2990 1572 3034 Achaeorum
1594 2990 1887 3046 adiunguntur

293 3051 589 3103 Flamininus,
627 3053 844 3094 conventu
876 3048 1074 3093 Corinthi
1109 3051 1255 3098 habito
1296 3050 1579 3106 deductisque
1611 3050 1734 3093 Rom.
1766 3062 1889 3105 prae-

355 3110 478 3152 sidiis
511 3109 739 3153 Graeciam
767 3108 976 3164 relinquit

294 3168 382 3211 Vix
413 3168 610 3224 legiones
631 3169 756 3211 Rom
788 3169 835 3211 in
866 3167 1035 3210 Italiam
1066 3167 1297 3221 redierant,
1329 3179 1428 3211 cum
1447 3165 1592 3210 Aetoli
1625 3181 1649 3210 a
1677 3166 1885 3210 Romanis

355 3226 586 3270 deficiendi
615 3227 768 3270 ineunt
798 3226 992 3269 consilia.
1310 3278 1313 3280 ,

296 3284 469 3339 Achaei,
504 3286 843 3342 Philopoemene
883 3284 1014 3336 duce,
1054 3297 1152 3327 cum
1184 3284 1352 3327 Nabide
1383 3286 1594 3340 pugnant.
1661 3283 1884 3336 Nabisab

352 3343 521 3387 Aetolis
554 3344 787 3387 occiditur:
820 3343 922 3386 urbs
954 3346 1100 3386 tamen
1132 3344 1184 3387 ab
1217 3343 1402 3387 Achaeis
1435 3345 1670 3399 occupatur

293 3400 462 3449 Aetolis
494 3403 768 3446 hortantibus
802 3402 1039 3454 Antiochus,
1073 3402 1227 3459 Syriae
1258 3415 1350 3455 rex,
1381 3402 1427 3445 in
1450 3401 1678 3445 Graeciam
1708 3402 1883 3453 traiicit,

352 3460 398 3502 in
430 3459 635 3504 Chalcide
669 3464 796 3518 capta
825 3461 986 3504 hiemat

295 3516 451 3567 Boeoti
482 3522 526 3563 et
559 3520 761 3564 Thessali
792 3519 847 3563 ad
877 3518 1139 3564 Antiochum
1170 3532 1218 3563 se
1250 3519 1504 3578 adiungunt,
1540 3518 1768 3576 Philippus
1800 3518 1884 3561 Ro-

1933 398 2019 443 219

1934 516 2020 572 211

1932 635 2020 679 218

1931 810 2018 852 217

1936 926 2022 970 215

1935 1043 2023 1088 214

1934 1102 2021 1147 213

1936 1219 2019 1262 211

1937 1278 2025 1322 210

1937 1396 2024 1441 208

1935 1514 2022 1558 208

1936 1573 2023 1617 206

1938 1632 2024 1676 206

1938 1749 2026 1794 205

1936 2043 2020 2088 201

1938 2103 2023 2158 206

1938 2339 2027 2384 200

1939 2457 2027 2503 200

1941 2576 2024 2621 198

1943 2754 2025 2797 197

1938 2871 2022 2915 196

1941 2987 2027 3032 195

1941 3105 2026 3149 194

1940 3340 2023 3384 192

1939 3456 2021 3502 192

1905 362 1938 385 a.
1951 353 2036 387 Chr.
2070 354 2216 396 Olymp.

2084 399 2168 444 140
2188 400 2214 443 2

2084 517 2170 561 140
2189 517 2214 560 2

2084 634 2217 689 14οξ
2271 680 2284 692 ,

2086 810 2171 854 140
2192 810 2219 854 3

2087 926 2167 970 141
2192 927 2218 970 2

2086 1103 2166 1146 141
2191 1103 2220 1146 4

2088 1220 2171 1264 142
2194 1221 2220 1264 2

2087 1515 2171 1559 143
2198 1516 2218 1558 1

2089 1574 2172 1619 143
2195 1575 2221 1620 3

2090 2339 2173 2384 145
2200 2341 2220 2384 1

2091 2575 2173 2621 145
2195 2576 2222 2632 ἓ

2090 2752 2173 2798 145
2194 2754 2223 2797 4

2087 2871 2170 2914 146
2197 2871 2218 2913 1

2089 2989 2172 3032 146
2195 2987 2224 3042 ὲ

2089 3105 2172 3149 146
2194 3105 2220 3148 2

2087 3458 2169 3501 147
2196 3458 2215 3500 1
