<?xml version="1.0" encoding="UTF-8"?>
<!DOCTYPE html PUBLIC "-//W3C//DTD XHTML 1.0 Transitional//EN"
    "http://www.w3.org/TR/xhtml1/DTD/xhtml1-transitional.dtd">
<html xmlns="http://www.w3.org/1999/xhtml" xml:lang="en" lang="en">
 <head>
  <title>
</title>
<meta http-equiv="Content-Type" content="text/html;charset=utf-8" />
  <meta name='ocr-system' content='tesseract 3.04.00' />
  <meta name='ocr-capabilities' content='ocr_page ocr_carea ocr_par ocr_line ocrx_word'/>
</head>
<body>
  <div class='ocr_page' id='page_1' title='image "annalesveterumre00zumpuoft_0022.png"; bbox 0 0 2392 4016; ppageno 0'>
   <div class='ocr_carea' id='block_1_1' title="bbox 377 211 1499 256">
    <p class='ocr_par' dir='ltr' id='par_1_1' title="bbox 377 211 1499 256">
     <span class='ocr_line' id='line_1_1' title="bbox 377 211 1499 256; baseline -0.003 0"><span class='ocrx_word' id='word_1_1' title='bbox 377 220 464 256; x_wconf 76' lang='lat' dir='ltr'>xv!</span> <span class='ocrx_word' id='word_1_2' title='bbox 1174 211 1237 254; x_wconf 88' lang='lat' dir='ltr'>De</span> <span class='ocrx_word' id='word_1_3' title='bbox 1266 213 1499 255; x_wconf 75' lang='lat' dir='ltr'>auctoribus</span> 
     </span>
    </p>
   </div>
   <div class='ocr_carea' id='block_1_2' title="bbox 375 358 2300 916">
    <p class='ocr_par' dir='ltr' id='par_1_2' title="bbox 375 358 2300 916">
     <span class='ocr_line' id='line_1_2' title="bbox 376 358 2296 416; baseline 0.002 -14"><span class='ocrx_word' id='word_1_4' title='bbox 376 360 499 402; x_wconf 89' lang='lat' dir='ltr'>initio</span> <span class='ocrx_word' id='word_1_5' title='bbox 532 358 635 401; x_wconf 88' lang='lat' dir='ltr'>belli</span> <span class='ocrx_word' id='word_1_6' title='bbox 665 358 847 401; x_wconf 90' lang='lat' dir='ltr'>secundi</span> <span class='ocrx_word' id='word_1_7' title='bbox 875 358 1030 402; x_wconf 89' lang='lat' dir='ltr'>Punici</span> <span class='ocrx_word' id='word_1_8' title='bbox 1059 359 1232 415; x_wconf 84' lang='lat' dir='ltr'>longius</span> <span class='ocrx_word' id='word_1_9' title='bbox 1265 363 1513 413; x_wconf 90' lang='lat' dir='ltr'>excurrunt,</span> <span class='ocrx_word' id='word_1_10' title='bbox 1545 374 1674 416; x_wconf 88' lang='lat' dir='ltr'>quam</span> <span class='ocrx_word' id='word_1_11' title='bbox 1704 360 1760 403; x_wconf 88' lang='lat' dir='ltr'>ad</span> <span class='ocrx_word' id='word_1_12' title='bbox 1789 361 1930 404; x_wconf 84' lang='lat' dir='ltr'>Paulli</span> <span class='ocrx_word' id='word_1_13' title='bbox 1959 361 2013 405; x_wconf 94' lang='lat' dir='ltr'>de</span> <span class='ocrx_word' id='word_1_14' title='bbox 2042 361 2296 406; x_wconf 79' lang='lat' dir='ltr'>Macedonia</span> 
     </span>
     <span class='ocr_line' id='line_1_3' title="bbox 376 429 2296 488; baseline 0.003 -17"><span class='ocrx_word' id='word_1_15' title='bbox 376 430 652 484; x_wconf 89' lang='lat' dir='ltr'>triumphum,</span> <span class='ocrx_word' id='word_1_16' title='bbox 683 443 720 472; x_wconf 88' lang='lat' dir='ltr'>a.</span> <span class='ocrx_word' id='word_1_17' title='bbox 757 429 855 473; x_wconf 87' lang='lat'>167.</span> <span class='ocrx_word' id='word_1_18' title='bbox 928 430 1232 484; x_wconf 85' lang='lat' dir='ltr'>Veruntamen,</span> <span class='ocrx_word' id='word_1_19' title='bbox 1272 432 1388 487; x_wconf 90' lang='lat' dir='ltr'>quod</span> <span class='ocrx_word' id='word_1_20' title='bbox 1417 432 1695 488; x_wconf 82' lang='lat' dir='ltr'>gaudeamus,</span> <span class='ocrx_word' id='word_1_21' title='bbox 1733 445 1804 475; x_wconf 86' lang='lat' dir='ltr'>res</span> <span class='ocrx_word' id='word_1_22' title='bbox 1844 433 1906 475; x_wconf 91' lang='lat' dir='ltr'>ita</span> <span class='ocrx_word' id='word_1_23' title='bbox 1937 437 2186 488; x_wconf 89' lang='lat' dir='ltr'>comparata</span> <span class='ocrx_word' id='word_1_24' title='bbox 2214 439 2296 487; x_wconf 90' lang='lat' dir='ltr'>est,</span> 
     </span>
     <span class='ocr_line' id='line_1_4' title="bbox 378 501 2298 559; baseline 0.003 -15"><span class='ocrx_word' id='word_1_25' title='bbox 378 504 424 544; x_wconf 90' lang='lat' dir='ltr'>ut</span> <span class='ocrx_word' id='word_1_26' title='bbox 456 515 564 556; x_wconf 87' lang='lat' dir='ltr'>quae</span> <span class='ocrx_word' id='word_1_27' title='bbox 596 501 767 545; x_wconf 90' lang='lat' dir='ltr'>Livium</span> <span class='ocrx_word' id='word_1_28' title='bbox 798 503 1081 556; x_wconf 89' lang='lat' dir='ltr'>antecedunt,</span> <span class='ocrx_word' id='word_1_29' title='bbox 1122 516 1177 547; x_wconf 87' lang='lat' dir='ltr'>ex</span> <span class='ocrx_word' id='word_1_30' title='bbox 1206 504 1372 559; x_wconf 75' lang='lat' dir='ltr'>Polybii</span> <span class='ocrx_word' id='word_1_31' title='bbox 1409 505 1605 558; x_wconf 87' lang='lat' dir='ltr'>quamvis</span> <span class='ocrx_word' id='word_1_32' title='bbox 1636 505 1882 556; x_wconf 88' lang='lat' dir='ltr'>succincta,</span> <span class='ocrx_word' id='word_1_33' title='bbox 1922 508 2126 547; x_wconf 89' lang='lat' dir='ltr'>accurata</span> <span class='ocrx_word' id='word_1_34' title='bbox 2153 509 2298 549; x_wconf 90' lang='lat' dir='ltr'>tamen</span> 
     </span>
     <span class='ocr_line' id='line_1_5' title="bbox 378 573 2298 632; baseline 0.002 -17"><span class='ocrx_word' id='word_1_35' title='bbox 378 573 622 616; x_wconf 81' lang='lat' dir='ltr'><strong>narratione</strong></span> <span class='ocrx_word' id='word_1_36' title='bbox 656 573 823 617; x_wconf 83' lang='lat' dir='ltr'><strong>discere</strong></span> <span class='ocrx_word' id='word_1_37' title='bbox 855 576 1088 630; x_wconf 88' lang='lat' dir='ltr'>possimus,</span> <span class='ocrx_word' id='word_1_38' title='bbox 1120 575 1195 618; x_wconf 93' lang='lat' dir='ltr'>ubi</span> <span class='ocrx_word' id='word_1_39' title='bbox 1225 575 1395 618; x_wconf 91' lang='lat' dir='ltr'>Livium</span> <span class='ocrx_word' id='word_1_40' title='bbox 1425 575 1645 628; x_wconf 83' lang='lat' dir='ltr'>habemus,</span> <span class='ocrx_word' id='word_1_41' title='bbox 1677 576 1884 619; x_wconf 91' lang='lat' dir='ltr'>nonnulla</span> <span class='ocrx_word' id='word_1_42' title='bbox 1903 589 1958 618; x_wconf 87' lang='lat' dir='ltr'>ex</span> <span class='ocrx_word' id='word_1_43' title='bbox 1979 578 2298 632; x_wconf 87' lang='lat' dir='ltr'>comparatione</span> 
     </span>
     <span class='ocr_line' id='line_1_6' title="bbox 378 643 2296 702; baseline 0.002 -15"><span class='ocrx_word' id='word_1_44' title='bbox 378 643 535 688; x_wconf 84' lang='lat' dir='ltr'>Graeci</span> <span class='ocrx_word' id='word_1_45' title='bbox 565 645 787 701; x_wconf 88' lang='lat' dir='ltr'>scriptoris</span> <span class='ocrx_word' id='word_1_46' title='bbox 810 646 963 688; x_wconf 90' lang='lat' dir='ltr'>melius</span> <span class='ocrx_word' id='word_1_47' title='bbox 985 646 1293 702; x_wconf 81' lang='lat' dir='ltr'>intelligamus.</span> <span class='ocrx_word' id='word_1_48' title='bbox 1342 646 1431 689; x_wconf 90' lang='lat' dir='ltr'>Sed</span> <span class='ocrx_word' id='word_1_49' title='bbox 1451 650 1552 702; x_wconf 89' lang='lat' dir='ltr'>post</span> <span class='ocrx_word' id='word_1_50' title='bbox 1570 647 1864 690; x_wconf 85' lang='lat' dir='ltr'>Macedoniam</span> <span class='ocrx_word' id='word_1_51' title='bbox 1887 649 2126 690; x_wconf 88' lang='lat' dir='ltr'>subiectam</span> <span class='ocrx_word' id='word_1_52' title='bbox 2148 661 2296 691; x_wconf 89' lang='lat' dir='ltr'>rursus</span> 
     </span>
     <span class='ocr_line' id='line_1_7' title="bbox 376 715 2298 773; baseline 0.003 -16"><span class='ocrx_word' id='word_1_53' title='bbox 376 715 430 758; x_wconf 90' lang='lat' dir='ltr'>ad</span> <span class='ocrx_word' id='word_1_54' title='bbox 452 715 686 759; x_wconf 89' lang='lat' dir='ltr'>deteriores</span> <span class='ocrx_word' id='word_1_55' title='bbox 719 718 1028 773; x_wconf 86' lang='lat' dir='ltr'>compellimur,</span> <span class='ocrx_word' id='word_1_56' title='bbox 1059 719 1270 773; x_wconf 84' lang='lat' dir='ltr'>imprimis</span> <span class='ocrx_word' id='word_1_57' title='bbox 1291 718 1538 772; x_wconf 81' lang='lat' dir='ltr'>Appianum,</span> <span class='ocrx_word' id='word_1_58' title='bbox 1570 732 1626 762; x_wconf 90' lang='lat' dir='ltr'>ex</span> <span class='ocrx_word' id='word_1_59' title='bbox 1647 720 1771 762; x_wconf 91' lang='lat' dir='ltr'>cuius</span> <span class='ocrx_word' id='word_1_60' title='bbox 1790 720 1912 762; x_wconf 89' lang='lat' dir='ltr'>libris</span> <span class='ocrx_word' id='word_1_61' title='bbox 1934 722 2059 762; x_wconf 87' lang='lat' dir='ltr'>sexto</span> <span class='ocrx_word' id='word_1_62' title='bbox 2082 723 2125 761; x_wconf 90' lang='lat' dir='ltr'>et</span> <span class='ocrx_word' id='word_1_63' title='bbox 2145 725 2298 762; x_wconf 88' lang='lat' dir='ltr'>octavo</span> 
     </span>
     <span class='ocr_line' id='line_1_8' title="bbox 377 786 2300 847; baseline 0.002 -18"><span class='ocrx_word' id='word_1_64' title='bbox 377 786 492 837; x_wconf 90' lang='lat' dir='ltr'>(nam</span> <span class='ocrx_word' id='word_1_65' title='bbox 523 788 707 842; x_wconf 86' lang='lat' dir='ltr'>septimo</span> <span class='ocrx_word' id='word_1_66' title='bbox 741 788 792 831; x_wconf 89' lang='lat' dir='ltr'>de</span> <span class='ocrx_word' id='word_1_67' title='bbox 814 789 927 831; x_wconf 90' lang='lat' dir='ltr'>bello</span> <span class='ocrx_word' id='word_1_68' title='bbox 948 789 1235 832; x_wconf 88' lang='lat' dir='ltr'>Hannibalico</span> <span class='ocrx_word' id='word_1_69' title='bbox 1258 802 1343 832; x_wconf 91' lang='lat' dir='ltr'>non</span> <span class='ocrx_word' id='word_1_70' title='bbox 1366 802 1475 845; x_wconf 89' lang='lat' dir='ltr'>opus</span> <span class='ocrx_word' id='word_1_71' title='bbox 1497 790 1597 843; x_wconf 90' lang='lat' dir='ltr'>est),</span> <span class='ocrx_word' id='word_1_72' title='bbox 1630 792 1704 845; x_wconf 93' lang='lat' dir='ltr'>qui</span> <span class='ocrx_word' id='word_1_73' title='bbox 1723 792 1885 847; x_wconf 85' lang='lat' dir='ltr'>integri</span> <span class='ocrx_word' id='word_1_74' title='bbox 1908 795 2155 846; x_wconf 82' lang='lat' dir='ltr'>supersunt,</span> <span class='ocrx_word' id='word_1_75' title='bbox 2188 791 2300 834; x_wconf 89' lang='lat' dir='ltr'>bella</span> 
     </span>
     <span class='ocr_line' id='line_1_9' title="bbox 375 859 2299 916; baseline 0.003 -16"><span class='ocrx_word' id='word_1_76' title='bbox 375 859 421 900; x_wconf 89' lang='grc'>111</span> <span class='ocrx_word' id='word_1_77' title='bbox 441 859 651 914; x_wconf 85' lang='lat' dir='ltr'>Hispania</span> <span class='ocrx_word' id='word_1_78' title='bbox 681 862 806 915; x_wconf 90' lang='lat' dir='ltr'>gesta</span> <span class='ocrx_word' id='word_1_79' title='bbox 836 863 879 902; x_wconf 89' lang='lat' dir='ltr'>et</span> <span class='ocrx_word' id='word_1_80' title='bbox 902 859 1326 916; x_wconf 83' lang='lat' dir='ltr'>Carthaginiensium</span> <span class='ocrx_word' id='word_1_81' title='bbox 1358 862 1509 904; x_wconf 91' lang='lat' dir='ltr'>ultima</span> <span class='ocrx_word' id='word_1_82' title='bbox 1537 861 1626 904; x_wconf 88' lang='lat' dir='ltr'>fata</span> <span class='ocrx_word' id='word_1_83' title='bbox 1657 863 1903 906; x_wconf 87' lang='lat' dir='ltr'>satis-recte</span> <span class='ocrx_word' id='word_1_84' title='bbox 1927 863 2150 906; x_wconf 85' lang='lat' dir='ltr'>discimus.</span> <span class='ocrx_word' id='word_1_85' title='bbox 2205 864 2299 905; x_wconf 84' lang='lat' dir='ltr'>Plu·</span> 
     </span>
    </p>
   </div>
   <div class='ocr_carea' id='block_1_3' title="bbox 378 931 2389 986">
    <p class='ocr_par' dir='ltr' id='par_1_3' title="bbox 378 931 2389 986">
     <span class='ocr_line' id='line_1_10' title="bbox 378 931 2389 986; baseline 0.002 -15"><span class='ocrx_word' id='word_1_86' title='bbox 378 931 511 972; x_wconf 80' lang='lat' dir='ltr'>tarchi</span> <span class='ocrx_word' id='word_1_87' title='bbox 540 943 595 973; x_wconf 89' lang='lat' dir='ltr'>ex</span> <span class='ocrx_word' id='word_1_88' title='bbox 626 931 776 973; x_wconf 90' lang='lat' dir='ltr'>eadem</span> <span class='ocrx_word' id='word_1_89' title='bbox 806 931 982 986; x_wconf 89' lang='lat' dir='ltr'>periodo</span> <span class='ocrx_word' id='word_1_90' title='bbox 1007 934 1110 974; x_wconf 89' lang='lat' dir='ltr'>sunt</span> <span class='ocrx_word' id='word_1_91' title='bbox 1142 933 1253 975; x_wconf 88' lang='lat' dir='ltr'>vitae</span> <span class='ocrx_word' id='word_1_92' title='bbox 1275 933 1413 985; x_wconf 82' lang='lat' dir='ltr'>Fabii,</span> <span class='ocrx_word' id='word_1_93' title='bbox 1443 933 1652 986; x_wconf 82' lang='lat' dir='ltr'>Marcelli,</span> <span class='ocrx_word' id='word_1_94' title='bbox 1685 935 1920 986; x_wconf 84' lang='lat' dir='ltr'>Flaminini,</span> <span class='ocrx_word' id='word_1_95' title='bbox 1951 935 2107 986; x_wconf 85' lang='lat' dir='ltr'>Paulli,</span> <span class='ocrx_word' id='word_1_96' title='bbox 2135 935 2300 976; x_wconf 78' lang='lat' dir='ltr'>Catonis</span> <span class='ocrx_word' id='word_1_97' title='bbox 2383 935 2389 939; x_wconf 82' lang='grc'><strong>”</strong></span> 
     </span>
    </p>
   </div>
   <div class='ocr_carea' id='block_1_4' title="bbox 362 1002 2303 3491">
    <p class='ocr_par' dir='ltr' id='par_1_4' title="bbox 375 1002 2301 1198">
     <span class='ocr_line' id='line_1_11' title="bbox 376 1002 2301 1061; baseline 0.003 -19"><span class='ocrx_word' id='word_1_98' title='bbox 376 1003 553 1055; x_wconf 83' lang='lat' dir='ltr'>maioris,</span> <span class='ocrx_word' id='word_1_99' title='bbox 596 1015 650 1044; x_wconf 89' lang='lat' dir='ltr'>ex</span> <span class='ocrx_word' id='word_1_100' title='bbox 689 1002 844 1057; x_wconf 90' lang='lat' dir='ltr'>quibus</span> <span class='ocrx_word' id='word_1_101' title='bbox 877 1015 1135 1058; x_wconf 88' lang='lat' dir='ltr'>quamquam</span> <span class='ocrx_word' id='word_1_102' title='bbox 1165 1014 1252 1046; x_wconf 90' lang='lat' dir='ltr'>non</span> <span class='ocrx_word' id='word_1_103' title='bbox 1284 1015 1388 1045; x_wconf 88' lang='lat' dir='ltr'>sane</span> <span class='ocrx_word' id='word_1_104' title='bbox 1420 1016 1682 1059; x_wconf 84' lang='lat' dir='ltr'>magnopere</span> <span class='ocrx_word' id='word_1_105' title='bbox 1723 1018 1865 1047; x_wconf 92' lang='lat' dir='ltr'>rerum</span> <span class='ocrx_word' id='word_1_106' title='bbox 1906 1006 2074 1061; x_wconf 91' lang='lat' dir='ltr'>copiam</span> <span class='ocrx_word' id='word_1_107' title='bbox 2104 1006 2150 1047; x_wconf 90' lang='lat' dir='ltr'>in</span> <span class='ocrx_word' id='word_1_108' title='bbox 2180 1009 2301 1048; x_wconf 90' lang='lat' dir='ltr'>tanta</span> 
     </span>
     <span class='ocr_line' id='line_1_12' title="bbox 375 1071 2300 1128; baseline 0.003 -14"><span class='ocrx_word' id='word_1_109' title='bbox 375 1071 490 1114; x_wconf 90' lang='lat' dir='ltr'>Livii</span> <span class='ocrx_word' id='word_1_110' title='bbox 520 1072 722 1115; x_wconf 89' lang='lat' dir='ltr'>narrandi</span> <span class='ocrx_word' id='word_1_111' title='bbox 743 1073 1025 1127; x_wconf 90' lang='lat' dir='ltr'>amplitudine</span> <span class='ocrx_word' id='word_1_112' title='bbox 1049 1085 1224 1128; x_wconf 84' lang='lat' dir='ltr'>augeas,</span> <span class='ocrx_word' id='word_1_113' title='bbox 1257 1075 1389 1116; x_wconf 88' lang='lat' dir='ltr'>animi</span> <span class='ocrx_word' id='word_1_114' title='bbox 1409 1077 1557 1118; x_wconf 86' lang='lat' dir='ltr'>tamen</span> <span class='ocrx_word' id='word_1_115' title='bbox 1577 1075 1910 1120; x_wconf 85' lang='lat' dir='ltr'>delectationem</span> <span class='ocrx_word' id='word_1_116' title='bbox 1930 1089 2018 1120; x_wconf 92' lang='grc'><strong>11011</strong></span> <span class='ocrx_word' id='word_1_117' title='bbox 2038 1077 2300 1120; x_wconf 85' lang='lat' dir='ltr'>mediocrem</span> 
     </span>
     <span class='ocr_line' id='line_1_13' title="bbox 377 1155 538 1198; baseline 0 -13"><span class='ocrx_word' id='word_1_118' title='bbox 377 1155 538 1198; x_wconf 83' lang='lat' dir='ltr'>capias.</span> 
     </span>
    </p>

    <p class='ocr_par' dir='ltr' id='par_1_5' title="bbox 371 1214 2303 2631">
     <span class='ocr_line' id='line_1_14' title="bbox 494 1214 2300 1274; baseline 0.004 -17"><span class='ocrx_word' id='word_1_119' title='bbox 494 1215 696 1257; x_wconf 89' lang='lat' dir='ltr'>Subactis</span> <span class='ocrx_word' id='word_1_120' title='bbox 730 1214 970 1269; x_wconf 90' lang='lat' dir='ltr'>deletisque</span> <span class='ocrx_word' id='word_1_121' title='bbox 991 1215 1047 1258; x_wconf 86' lang='lat' dir='ltr'>iis</span> <span class='ocrx_word' id='word_1_122' title='bbox 1069 1214 1336 1267; x_wconf 86' lang='lat' dir='ltr'>civitatibus,</span> <span class='ocrx_word' id='word_1_123' title='bbox 1367 1227 1477 1269; x_wconf 86' lang='lat' dir='ltr'>quae</span> <span class='ocrx_word' id='word_1_124' title='bbox 1506 1219 1727 1260; x_wconf 88' lang='lat' dir='ltr'>certamen</span> <span class='ocrx_word' id='word_1_125' title='bbox 1747 1217 1800 1260; x_wconf 88' lang='lat' dir='ltr'>de</span> <span class='ocrx_word' id='word_1_126' title='bbox 1820 1219 2066 1274; x_wconf 89' lang='lat' dir='ltr'>principatu</span> <span class='ocrx_word' id='word_1_127' title='bbox 2084 1221 2300 1264; x_wconf 87' lang='lat' dir='ltr'>sustinere</span> 
     </span>
     <span class='ocr_line' id='line_1_15' title="bbox 373 1287 2301 1344; baseline 0.003 -14"><span class='ocrx_word' id='word_1_128' title='bbox 373 1290 577 1344; x_wconf 69' lang='lat' dir='ltr'>possent,⁸</span> <span class='ocrx_word' id='word_1_129' title='bbox 600 1287 786 1343; x_wconf 91' lang='lat' dir='ltr'>populus</span> <span class='ocrx_word' id='word_1_130' title='bbox 809 1287 1028 1330; x_wconf 88' lang='lat' dir='ltr'>Romanus</span> <span class='ocrx_word' id='word_1_131' title='bbox 1060 1287 1106 1329; x_wconf 93' lang='grc'>111</span> <span class='ocrx_word' id='word_1_132' title='bbox 1137 1289 1280 1340; x_wconf 77' lang='lat' dir='ltr'>quinta</span> <span class='ocrx_word' id='word_1_133' title='bbox 1311 1287 1437 1342; x_wconf 82' lang='lat' dir='ltr'>quasi</span> <span class='ocrx_word' id='word_1_134' title='bbox 1466 1297 1601 1331; x_wconf 89' lang='lat' dir='ltr'>aetate</span> <span class='ocrx_word' id='word_1_135' title='bbox 1633 1301 1726 1342; x_wconf 90' lang='lat' dir='ltr'>sua,</span> <span class='ocrx_word' id='word_1_136' title='bbox 1757 1289 1860 1332; x_wconf 91' lang='lat' dir='ltr'>dum</span> <span class='ocrx_word' id='word_1_137' title='bbox 1890 1294 2094 1334; x_wconf 80' lang='lat' dir='ltr'>externae</span> <span class='ocrx_word' id='word_1_138' title='bbox 2122 1305 2194 1335; x_wconf 89' lang='lat' dir='ltr'>res</span> <span class='ocrx_word' id='word_1_139' title='bbox 2222 1291 2301 1335; x_wconf 88' lang='lat' dir='ltr'>flo-</span> 
     </span>
     <span class='ocr_line' id='line_1_16' title="bbox 373 1358 2303 1415; baseline 0.003 -15"><span class='ocrx_word' id='word_1_140' title='bbox 373 1359 526 1402; x_wconf 88' lang='lat' dir='ltr'>rebant</span> <span class='ocrx_word' id='word_1_141' title='bbox 556 1361 600 1401; x_wconf 93' lang='lat' dir='ltr'>et</span> <span class='ocrx_word' id='word_1_142' title='bbox 630 1359 911 1415; x_wconf 88' lang='lat' dir='ltr'>augebantur,</span> <span class='ocrx_word' id='word_1_143' title='bbox 942 1359 1361 1414; x_wconf 88' lang='lat' dir='ltr'>perniciosissimum</span> <span class='ocrx_word' id='word_1_144' title='bbox 1392 1358 1553 1401; x_wconf 93' lang='lat' dir='ltr'>malum</span> <span class='ocrx_word' id='word_1_145' title='bbox 1584 1359 1778 1403; x_wconf 85' lang='lat' dir='ltr'>civilium</span> <span class='ocrx_word' id='word_1_146' title='bbox 1807 1373 2024 1404; x_wconf 89' lang='lat' dir='ltr'>armorum</span> <span class='ocrx_word' id='word_1_147' title='bbox 2052 1365 2097 1405; x_wconf 91' lang='lat' dir='ltr'>et</span> <span class='ocrx_word' id='word_1_148' title='bbox 2115 1363 2239 1406; x_wconf 86' lang='lat' dir='ltr'>nasci</span> <span class='ocrx_word' id='word_1_149' title='bbox 2258 1367 2303 1406; x_wconf 86' lang='lat' dir='ltr'>et</span> 
     </span>
     <span class='ocr_line' id='line_1_17' title="bbox 376 1429 2301 1490; baseline 0.002 -17"><span class='ocrx_word' id='word_1_150' title='bbox 376 1431 609 1473; x_wconf 89' lang='lat' dir='ltr'>crudeliter</span> <span class='ocrx_word' id='word_1_151' title='bbox 651 1443 785 1485; x_wconf 90' lang='lat' dir='ltr'>usque</span> <span class='ocrx_word' id='word_1_152' title='bbox 824 1429 882 1471; x_wconf 87' lang='lat' dir='ltr'>ad</span> <span class='ocrx_word' id='word_1_153' title='bbox 913 1430 1138 1472; x_wconf 90' lang='lat' dir='ltr'>interitum</span> <span class='ocrx_word' id='word_1_154' title='bbox 1178 1430 1394 1473; x_wconf 88' lang='lat' dir='ltr'>libertatis</span> <span class='ocrx_word' id='word_1_155' title='bbox 1426 1431 1619 1485; x_wconf 89' lang='lat' dir='ltr'>grassari</span> <span class='ocrx_word' id='word_1_156' title='bbox 1647 1431 1768 1474; x_wconf 90' lang='lat' dir='ltr'>vidit.</span> <span class='ocrx_word' id='word_1_157' title='bbox 1838 1432 1927 1476; x_wconf 88' lang='lat' dir='ltr'>Sed</span> <span class='ocrx_word' id='word_1_158' title='bbox 1954 1433 2002 1476; x_wconf 90' lang='grc'>111</span> <span class='ocrx_word' id='word_1_159' title='bbox 2030 1446 2189 1490; x_wconf 89' lang='lat' dir='ltr'>magna</span> <span class='ocrx_word' id='word_1_160' title='bbox 2216 1435 2301 1478; x_wconf 83' lang='lat' dir='ltr'>Ro-</span> 
     </span>
     <span class='ocr_line' id='line_1_18' title="bbox 374 1501 2301 1560; baseline 0.003 -16"><span class='ocrx_word' id='word_1_161' title='bbox 374 1515 596 1544; x_wconf 90' lang='lat' dir='ltr'>manorum</span> <span class='ocrx_word' id='word_1_162' title='bbox 637 1503 860 1544; x_wconf 89' lang='lat' dir='ltr'>auctorum</span> <span class='ocrx_word' id='word_1_163' title='bbox 898 1501 1023 1556; x_wconf 90' lang='lat' dir='ltr'>copia</span> <span class='ocrx_word' id='word_1_164' title='bbox 1053 1501 1199 1544; x_wconf 86' lang='lat' dir='ltr'>nullus</span> <span class='ocrx_word' id='word_1_165' title='bbox 1231 1503 1378 1544; x_wconf 89' lang='lat' dir='ltr'>tamen</span> <span class='ocrx_word' id='word_1_166' title='bbox 1408 1504 1622 1556; x_wconf 88' lang='lat' dir='ltr'>superest,</span> <span class='ocrx_word' id='word_1_167' title='bbox 1666 1503 1741 1557; x_wconf 93' lang='lat' dir='ltr'>qui</span> <span class='ocrx_word' id='word_1_168' title='bbox 1770 1505 1907 1545; x_wconf 90' lang='lat' dir='ltr'>totam</span> <span class='ocrx_word' id='word_1_169' title='bbox 1935 1504 2046 1547; x_wconf 87' lang='lat' dir='ltr'>hanc</span> <span class='ocrx_word' id='word_1_170' title='bbox 2076 1505 2301 1560; x_wconf 89' lang='lat' dir='ltr'>periodum</span> 
     </span>
     <span class='ocr_line' id='line_1_19' title="bbox 373 1572 2300 1629; baseline 0.002 -13"><span class='ocrx_word' id='word_1_171' title='bbox 373 1576 573 1616; x_wconf 86' lang='lat' dir='ltr'>accurate</span> <span class='ocrx_word' id='word_1_172' title='bbox 604 1574 785 1615; x_wconf 90' lang='lat' dir='ltr'>enarret.</span> <span class='ocrx_word' id='word_1_173' title='bbox 837 1572 1115 1615; x_wconf 84' lang='lat' dir='ltr'>Brevioribus</span> <span class='ocrx_word' id='word_1_174' title='bbox 1146 1572 1352 1615; x_wconf 88' lang='lat' dir='ltr'>historiae</span> <span class='ocrx_word' id='word_1_175' title='bbox 1383 1573 1633 1615; x_wconf 83' lang='lat' dir='ltr'>auctoribus</span> <span class='ocrx_word' id='word_1_176' title='bbox 1666 1573 1835 1619; x_wconf 82' lang='lat' dir='ltr'>accedit</span> <span class='ocrx_word' id='word_1_177' title='bbox 1865 1587 1944 1629; x_wconf 89' lang='lat' dir='ltr'>per</span> <span class='ocrx_word' id='word_1_178' title='bbox 1973 1575 2084 1619; x_wconf 89' lang='lat' dir='ltr'>hanc</span> <span class='ocrx_word' id='word_1_179' title='bbox 2114 1580 2300 1620; x_wconf 90' lang='lat' dir='ltr'>aetatem</span> 
     </span>
     <span class='ocr_line' id='line_1_20' title="bbox 385 1643 2300 1704; baseline 0.002 -16"><span class='ocrx_word' id='word_1_180' title='bbox 385 1647 574 1698; x_wconf 76' lang='lat' dir='ltr'>Velleius,</span> <span class='ocrx_word' id='word_1_181' title='bbox 607 1645 716 1687; x_wconf 91' lang='lat' dir='ltr'>libro</span> <span class='ocrx_word' id='word_1_182' title='bbox 749 1644 955 1697; x_wconf 87' lang='lat' dir='ltr'>secundo,</span> <span class='ocrx_word' id='word_1_183' title='bbox 989 1643 1106 1695; x_wconf 90' lang='lat' dir='ltr'>(nam</span> <span class='ocrx_word' id='word_1_184' title='bbox 1135 1644 1254 1699; x_wconf 91' lang='lat' dir='ltr'>prior</span> <span class='ocrx_word' id='word_1_185' title='bbox 1284 1656 1420 1699; x_wconf 89' lang='lat' dir='ltr'>paene</span> <span class='ocrx_word' id='word_1_186' title='bbox 1442 1646 1561 1687; x_wconf 89' lang='lat' dir='ltr'>totus</span> <span class='ocrx_word' id='word_1_187' title='bbox 1582 1644 1778 1697; x_wconf 67' lang='lat' dir='ltr'>interiit)</span> <span class='ocrx_word' id='word_1_188' title='bbox 1810 1645 1968 1701; x_wconf 90' lang='lat' dir='ltr'>dignus</span> <span class='ocrx_word' id='word_1_189' title='bbox 1988 1646 2035 1688; x_wconf 93' lang='lat' dir='ltr'>in</span> <span class='ocrx_word' id='word_1_190' title='bbox 2054 1648 2135 1690; x_wconf 87' lang='lat' dir='ltr'>hac</span> <span class='ocrx_word' id='word_1_191' title='bbox 2157 1650 2300 1704; x_wconf 87' lang='lat' dir='ltr'>operis</span> 
     </span>
     <span class='ocr_line' id='line_1_21' title="bbox 373 1716 2300 1774; baseline 0.002 -14"><span class='ocrx_word' id='word_1_192' title='bbox 373 1721 508 1774; x_wconf 91' lang='lat' dir='ltr'>parte,</span> <span class='ocrx_word' id='word_1_193' title='bbox 541 1719 612 1760; x_wconf 89' lang='grc'><strong>0111</strong></span> <span class='ocrx_word' id='word_1_194' title='bbox 632 1717 856 1759; x_wconf 90' lang='lat' dir='ltr'>materiam</span> <span class='ocrx_word' id='word_1_195' title='bbox 877 1716 1050 1759; x_wconf 87' lang='lat' dir='ltr'>aliunde</span> <span class='ocrx_word' id='word_1_196' title='bbox 1071 1717 1251 1772; x_wconf 90' lang='lat' dir='ltr'>petitam</span> <span class='ocrx_word' id='word_1_197' title='bbox 1274 1718 1637 1771; x_wconf 85' lang='lat' dir='ltr'>superstruamus,</span> <span class='ocrx_word' id='word_1_198' title='bbox 1667 1730 1768 1759; x_wconf 89' lang='lat' dir='ltr'>nam</span> <span class='ocrx_word' id='word_1_199' title='bbox 1789 1730 1874 1772; x_wconf 91' lang='lat' dir='ltr'>quo</span> <span class='ocrx_word' id='word_1_200' title='bbox 1895 1719 2074 1774; x_wconf 89' lang='lat' dir='ltr'>propius</span> <span class='ocrx_word' id='word_1_201' title='bbox 2096 1720 2153 1762; x_wconf 89' lang='lat' dir='ltr'>ad</span> <span class='ocrx_word' id='word_1_202' title='bbox 2171 1719 2300 1763; x_wconf 88' lang='lat' dir='ltr'>finem</span> 
     </span>
     <span class='ocr_line' id='line_1_22' title="bbox 377 1788 2300 1846; baseline 0.001 -13"><span class='ocrx_word' id='word_1_203' title='bbox 377 1791 462 1834; x_wconf 88' lang='lat' dir='ltr'>sibi</span> <span class='ocrx_word' id='word_1_204' title='bbox 492 1790 764 1846; x_wconf 89' lang='lat' dir='ltr'>propositum</span> <span class='ocrx_word' id='word_1_205' title='bbox 797 1789 974 1841; x_wconf 90' lang='lat' dir='ltr'>(annum</span> <span class='ocrx_word' id='word_1_206' title='bbox 1005 1788 1064 1832; x_wconf 89' lang='lat'>30</span> <span class='ocrx_word' id='word_1_207' title='bbox 1094 1791 1196 1844; x_wconf 92' lang='lat' dir='ltr'>post</span> <span class='ocrx_word' id='word_1_208' title='bbox 1228 1788 1344 1839; x_wconf 87' lang='lat' dir='ltr'>Chr.)</span> <span class='ocrx_word' id='word_1_209' title='bbox 1377 1788 1595 1841; x_wconf 88' lang='lat' dir='ltr'>adventat,</span> <span class='ocrx_word' id='word_1_210' title='bbox 1626 1801 1677 1832; x_wconf 94' lang='grc'>00</span> <span class='ocrx_word' id='word_1_211' title='bbox 1707 1790 1848 1845; x_wconf 88' lang='lat' dir='ltr'>magis</span> <span class='ocrx_word' id='word_1_212' title='bbox 1881 1790 2118 1834; x_wconf 87' lang='lat' dir='ltr'>adulationi</span> <span class='ocrx_word' id='word_1_213' title='bbox 2147 1791 2300 1834; x_wconf 91' lang='lat' dir='ltr'>domus</span> 
     </span>
     <span class='ocr_line' id='line_1_23' title="bbox 373 1860 2302 1919; baseline 0.001 -14"><span class='ocrx_word' id='word_1_214' title='bbox 373 1863 628 1919; x_wconf 88' lang='lat' dir='ltr'>principalis</span> <span class='ocrx_word' id='word_1_215' title='bbox 661 1862 807 1904; x_wconf 91' lang='lat' dir='ltr'>servit.</span> <span class='ocrx_word' id='word_1_216' title='bbox 877 1861 970 1904; x_wconf 88' lang='lat' dir='ltr'>Iam</span> <span class='ocrx_word' id='word_1_217' title='bbox 1008 1862 1195 1917; x_wconf 89' lang='lat' dir='ltr'>primum</span> <span class='ocrx_word' id='word_1_218' title='bbox 1231 1861 1336 1906; x_wconf 91' lang='lat' dir='ltr'>belli</span> <span class='ocrx_word' id='word_1_219' title='bbox 1365 1860 1620 1904; x_wconf 83' lang='lat' dir='ltr'>Numantini</span> <span class='ocrx_word' id='word_1_220' title='bbox 1658 1863 1984 1918; x_wconf 89' lang='lat' dir='ltr'>ceterorumque</span> <span class='ocrx_word' id='word_1_221' title='bbox 2014 1863 2061 1905; x_wconf 90' lang='grc'>111</span> <span class='ocrx_word' id='word_1_222' title='bbox 2089 1863 2302 1919; x_wconf 86' lang='lat' dir='ltr'>Hispania</span> 
     </span>
     <span class='ocr_line' id='line_1_24' title="bbox 373 1932 2299 1990; baseline 0.001 -13"><span class='ocrx_word' id='word_1_223' title='bbox 373 1938 595 1990; x_wconf 90' lang='lat' dir='ltr'>gestorum</span> <span class='ocrx_word' id='word_1_224' title='bbox 628 1936 779 1976; x_wconf 87' lang='lat' dir='ltr'>auctor</span> <span class='ocrx_word' id='word_1_225' title='bbox 810 1935 931 1976; x_wconf 85' lang='lat' dir='ltr'>extat</span> <span class='ocrx_word' id='word_1_226' title='bbox 958 1933 1199 1988; x_wconf 77' lang='lat' dir='ltr'>Appianas,</span> <span class='ocrx_word' id='word_1_227' title='bbox 1241 1933 1353 1975; x_wconf 89' lang='lat' dir='ltr'>libro</span> <span class='ocrx_word' id='word_1_228' title='bbox 1385 1934 1526 1976; x_wconf 89' lang='lat' dir='ltr'>sexto.</span> <span class='ocrx_word' id='word_1_229' title='bbox 1593 1932 1715 1975; x_wconf 90' lang='lat' dir='ltr'>Idem</span> <span class='ocrx_word' id='word_1_230' title='bbox 1748 1932 2023 1977; x_wconf 84' lang='lat' dir='ltr'>Gracchanas</span> <span class='ocrx_word' id='word_1_231' title='bbox 2062 1935 2299 1978; x_wconf 88' lang='lat' dir='ltr'>seditiones</span> 
     </span>
     <span class='ocr_line' id='line_1_25' title="bbox 372 2005 2297 2063; baseline 0.001 -14"><span class='ocrx_word' id='word_1_232' title='bbox 372 2007 496 2049; x_wconf 90' lang='lat' dir='ltr'>initio</span> <span class='ocrx_word' id='word_1_233' title='bbox 528 2007 715 2062; x_wconf 88' lang='lat' dir='ltr'>quinque</span> <span class='ocrx_word' id='word_1_234' title='bbox 745 2006 953 2055; x_wconf 88' lang='lat' dir='ltr'>librorum</span> <span class='ocrx_word' id='word_1_235' title='bbox 982 2007 1031 2047; x_wconf 86' lang='lat' dir='ltr'>de</span> <span class='ocrx_word' id='word_1_236' title='bbox 1064 2006 1179 2047; x_wconf 84' lang='lat' dir='ltr'>bellis</span> <span class='ocrx_word' id='word_1_237' title='bbox 1200 2006 1388 2047; x_wconf 78' lang='lat' dir='ltr'>civilibus</span> <span class='ocrx_word' id='word_1_238' title='bbox 1409 2005 1642 2058; x_wconf 86' lang='lat' dir='ltr'>enarravit,</span> <span class='ocrx_word' id='word_1_239' title='bbox 1673 2017 1814 2060; x_wconf 88' lang='lat' dir='ltr'>neque</span> <span class='ocrx_word' id='word_1_240' title='bbox 1833 2007 1979 2048; x_wconf 87' lang='lat' dir='ltr'>tamen</span> <span class='ocrx_word' id='word_1_241' title='bbox 1998 2009 2087 2048; x_wconf 90' lang='lat' dir='ltr'>tam</span> <span class='ocrx_word' id='word_1_242' title='bbox 2107 2008 2297 2063; x_wconf 88' lang='lat' dir='ltr'>copiose,</span> 
     </span>
     <span class='ocr_line' id='line_1_26' title="bbox 374 2075 2298 2137; baseline 0.001 -18"><span class='ocrx_word' id='word_1_243' title='bbox 374 2090 502 2132; x_wconf 91' lang='lat' dir='ltr'>quam</span> <span class='ocrx_word' id='word_1_244' title='bbox 532 2078 756 2129; x_wconf 85' lang='lat' dir='ltr'>vellemus,</span> <span class='ocrx_word' id='word_1_245' title='bbox 789 2080 916 2132; x_wconf 89' lang='lat' dir='ltr'>atque</span> <span class='ocrx_word' id='word_1_246' title='bbox 948 2078 1043 2132; x_wconf 90' lang='lat' dir='ltr'>ipse</span> <span class='ocrx_word' id='word_1_247' title='bbox 1066 2076 1222 2119; x_wconf 89' lang='lat' dir='ltr'>deinde</span> <span class='ocrx_word' id='word_1_248' title='bbox 1242 2077 1295 2137; x_wconf 60' lang='lat' dir='ltr'>in⁴</span> <span class='ocrx_word' id='word_1_249' title='bbox 1312 2075 1513 2119; x_wconf 81' lang='lat' dir='ltr'>Caesaris</span> <span class='ocrx_word' id='word_1_250' title='bbox 1535 2089 1634 2118; x_wconf 90' lang='lat' dir='ltr'>cum</span> <span class='ocrx_word' id='word_1_251' title='bbox 1657 2077 1882 2132; x_wconf 89' lang='lat' dir='ltr'>Pompeio,</span> <span class='ocrx_word' id='word_1_252' title='bbox 1912 2076 2093 2120; x_wconf 89' lang='lat' dir='ltr'>Antonii</span> <span class='ocrx_word' id='word_1_253' title='bbox 2113 2078 2298 2122; x_wconf 86' lang='grc'><strong>010010-</strong></span> 
     </span>
     <span class='ocr_line' id='line_1_27' title="bbox 374 2146 2300 2203; baseline 0.002 -13"><span class='ocrx_word' id='word_1_254' title='bbox 374 2149 491 2191; x_wconf 91' lang='lat' dir='ltr'>viani</span> <span class='ocrx_word' id='word_1_255' title='bbox 522 2161 620 2190; x_wconf 91' lang='grc'><strong>011111</strong></span> <span class='ocrx_word' id='word_1_256' title='bbox 650 2149 785 2190; x_wconf 91' lang='lat' dir='ltr'>Bruto</span> <span class='ocrx_word' id='word_1_257' title='bbox 818 2149 943 2191; x_wconf 88' lang='lat' dir='ltr'>bellis</span> <span class='ocrx_word' id='word_1_258' title='bbox 975 2147 1270 2190; x_wconf 87' lang='lat' dir='ltr'>describendis</span> <span class='ocrx_word' id='word_1_259' title='bbox 1311 2146 1415 2189; x_wconf 85' lang='lat' dir='ltr'>feeit</span> <span class='ocrx_word' id='word_1_260' title='bbox 1457 2147 1580 2198; x_wconf 88' lang='lat' dir='ltr'>(nam</span> <span class='ocrx_word' id='word_1_261' title='bbox 1611 2160 1662 2190; x_wconf 94' lang='lat' dir='ltr'>eo</span> <span class='ocrx_word' id='word_1_262' title='bbox 1695 2161 1823 2203; x_wconf 91' lang='lat' dir='ltr'>opere</span> <span class='ocrx_word' id='word_1_263' title='bbox 1853 2149 2075 2192; x_wconf 86' lang='lat' dir='ltr'>turbarum</span> <span class='ocrx_word' id='word_1_264' title='bbox 2107 2150 2300 2193; x_wconf 88' lang='lat' dir='ltr'>civilium</span> 
     </span>
     <span class='ocr_line' id='line_1_28' title="bbox 373 2217 2293 2275; baseline 0.001 -13"><span class='ocrx_word' id='word_1_265' title='bbox 373 2220 600 2263; x_wconf 90' lang='lat' dir='ltr'>historiam</span> <span class='ocrx_word' id='word_1_266' title='bbox 632 2232 768 2275; x_wconf 88' lang='lat' dir='ltr'>usque</span> <span class='ocrx_word' id='word_1_267' title='bbox 800 2219 855 2261; x_wconf 92' lang='lat' dir='ltr'>ad</span> <span class='ocrx_word' id='word_1_268' title='bbox 886 2220 988 2262; x_wconf 85' lang='lat' dir='ltr'>Sex.</span> <span class='ocrx_word' id='word_1_269' title='bbox 1011 2219 1265 2274; x_wconf 91' lang='lat' dir='ltr'>Pompeium</span> <span class='ocrx_word' id='word_1_270' title='bbox 1295 2219 1341 2260; x_wconf 90' lang='lat' dir='ltr'>in</span> <span class='ocrx_word' id='word_1_271' title='bbox 1371 2217 1478 2260; x_wconf 89' lang='lat' dir='ltr'>Asia</span> <span class='ocrx_word' id='word_1_272' title='bbox 1511 2220 1706 2261; x_wconf 87' lang='lat' dir='ltr'>occisum</span> <span class='ocrx_word' id='word_1_273' title='bbox 1736 2233 1774 2261; x_wconf 89' lang='lat' dir='ltr'>a.</span> <span class='ocrx_word' id='word_1_274' title='bbox 1806 2218 1863 2262; x_wconf 88' lang='lat'>35</span> <span class='ocrx_word' id='word_1_275' title='bbox 1895 2223 2152 2275; x_wconf 89' lang='lat' dir='ltr'>persecutus</span> <span class='ocrx_word' id='word_1_276' title='bbox 2184 2221 2293 2273; x_wconf 86' lang='lat' dir='ltr'>est):</span> 
     </span>
     <span class='ocr_line' id='line_1_29' title="bbox 371 2289 2299 2347; baseline 0.002 -15"><span class='ocrx_word' id='word_1_277' title='bbox 371 2291 516 2346; x_wconf 89' lang='lat' dir='ltr'>itaque</span> <span class='ocrx_word' id='word_1_278' title='bbox 548 2291 795 2332; x_wconf 75' lang='lat' dir='ltr'>Plutarchus</span> <span class='ocrx_word' id='word_1_279' title='bbox 827 2289 882 2332; x_wconf 91' lang='lat' dir='ltr'>ad</span> <span class='ocrx_word' id='word_1_280' title='bbox 910 2293 1056 2345; x_wconf 89' lang='lat' dir='ltr'>partes</span> <span class='ocrx_word' id='word_1_281' title='bbox 1087 2289 1329 2342; x_wconf 86' lang='lat' dir='ltr'>vocandus,</span> <span class='ocrx_word' id='word_1_282' title='bbox 1369 2290 1417 2332; x_wconf 91' lang='grc'>111</span> <span class='ocrx_word' id='word_1_283' title='bbox 1446 2290 1547 2332; x_wconf 91' lang='lat' dir='ltr'>vitis</span> <span class='ocrx_word' id='word_1_284' title='bbox 1579 2292 1787 2344; x_wconf 81' lang='lat' dir='ltr'>utriusque</span> <span class='ocrx_word' id='word_1_285' title='bbox 1823 2290 2013 2333; x_wconf 77' lang='lat' dir='ltr'>Gracchi.</span> <span class='ocrx_word' id='word_1_286' title='bbox 2082 2292 2299 2347; x_wconf 89' lang='lat' dir='ltr'>Iugurthi-</span> 
     </span>
     <span class='ocr_line' id='line_1_30' title="bbox 373 2361 2298 2419; baseline 0.001 -15"><span class='ocrx_word' id='word_1_287' title='bbox 373 2375 476 2405; x_wconf 89' lang='lat' dir='ltr'>num</span> <span class='ocrx_word' id='word_1_288' title='bbox 513 2362 675 2404; x_wconf 92' lang='lat' dir='ltr'>bellum</span> <span class='ocrx_word' id='word_1_289' title='bbox 712 2362 954 2404; x_wconf 89' lang='lat' dir='ltr'>luculenter</span> <span class='ocrx_word' id='word_1_290' title='bbox 991 2362 1168 2417; x_wconf 86' lang='lat' dir='ltr'>scripsit</span> <span class='ocrx_word' id='word_1_291' title='bbox 1204 2361 1444 2404; x_wconf 81' lang='lat' dir='ltr'>Sallustius.</span> <span class='ocrx_word' id='word_1_292' title='bbox 1524 2362 1740 2417; x_wconf 90' lang='lat' dir='ltr'>Deinceps</span> <span class='ocrx_word' id='word_1_293' title='bbox 1778 2362 1936 2404; x_wconf 91' lang='lat' dir='ltr'>iterum</span> <span class='ocrx_word' id='word_1_294' title='bbox 1978 2364 2298 2419; x_wconf 90' lang='lat' dir='ltr'>coniunguntur</span> 
     </span>
     <span class='ocr_line' id='line_1_31' title="bbox 373 2432 2299 2490; baseline 0.001 -15"><span class='ocrx_word' id='word_1_295' title='bbox 373 2434 621 2476; x_wconf 79' lang='lat' dir='ltr'>Plutarchus</span> <span class='ocrx_word' id='word_1_296' title='bbox 651 2435 695 2475; x_wconf 80' lang='lat' dir='ltr'>et</span> <span class='ocrx_word' id='word_1_297' title='bbox 723 2433 962 2487; x_wconf 81' lang='lat' dir='ltr'>Appianus,</span> <span class='ocrx_word' id='word_1_298' title='bbox 1005 2446 1103 2475; x_wconf 89' lang='lat' dir='ltr'>cum</span> <span class='ocrx_word' id='word_1_299' title='bbox 1132 2432 1207 2475; x_wconf 88' lang='lat' dir='ltr'>ille</span> <span class='ocrx_word' id='word_1_300' title='bbox 1236 2433 1385 2487; x_wconf 82' lang='lat' dir='ltr'>Marii,</span> <span class='ocrx_word' id='word_1_301' title='bbox 1417 2433 1587 2486; x_wconf 82' lang='lat' dir='ltr'>Sullae,</span> <span class='ocrx_word' id='word_1_302' title='bbox 1625 2434 1795 2475; x_wconf 81' lang='lat' dir='ltr'>Luculli</span> <span class='ocrx_word' id='word_1_303' title='bbox 1823 2435 1957 2487; x_wconf 82' lang='lat' dir='ltr'>vitas,</span> <span class='ocrx_word' id='word_1_304' title='bbox 1996 2435 2087 2486; x_wconf 87' lang='lat' dir='ltr'>hic,</span> <span class='ocrx_word' id='word_1_305' title='bbox 2126 2438 2299 2490; x_wconf 82' lang='lat' dir='ltr'>praeter</span> 
     </span>
     <span class='ocr_line' id='line_1_32' title="bbox 374 2504 2298 2560; baseline 0.001 -12"><span class='ocrx_word' id='word_1_306' title='bbox 374 2505 534 2548; x_wconf 90' lang='lat' dir='ltr'>bellum</span> <span class='ocrx_word' id='word_1_307' title='bbox 567 2504 728 2546; x_wconf 89' lang='lat' dir='ltr'>sociale</span> <span class='ocrx_word' id='word_1_308' title='bbox 763 2507 806 2547; x_wconf 92' lang='lat' dir='ltr'>et</span> <span class='ocrx_word' id='word_1_309' title='bbox 837 2504 963 2547; x_wconf 90' lang='lat' dir='ltr'>civile</span> <span class='ocrx_word' id='word_1_310' title='bbox 993 2505 1245 2558; x_wconf 89' lang='lat' dir='ltr'>Marianum,</span> <span class='ocrx_word' id='word_1_311' title='bbox 1278 2505 1409 2548; x_wconf 89' lang='lat' dir='ltr'>etiam</span> <span class='ocrx_word' id='word_1_312' title='bbox 1428 2505 1759 2547; x_wconf 76' lang='lat' dir='ltr'>Mithridaticum</span> <span class='ocrx_word' id='word_1_313' title='bbox 1791 2505 2003 2560; x_wconf 83' lang='lat' dir='ltr'>singulari</span> <span class='ocrx_word' id='word_1_314' title='bbox 2032 2506 2180 2549; x_wconf 89' lang='lat' dir='ltr'>libello</span> <span class='ocrx_word' id='word_1_315' title='bbox 2210 2520 2298 2549; x_wconf 89' lang='lat' dir='ltr'>me-</span> 
     </span>
     <span class='ocr_line' id='line_1_33' title="bbox 371 2575 816 2631; baseline -0.002 -12"><span class='ocrx_word' id='word_1_316' title='bbox 371 2577 532 2619; x_wconf 91' lang='lat' dir='ltr'>moriae</span> <span class='ocrx_word' id='word_1_317' title='bbox 565 2575 816 2631; x_wconf 88' lang='lat' dir='ltr'>prodiderit.</span> 
     </span>
    </p>

    <p class='ocr_par' dir='ltr' id='par_1_6' title="bbox 362 2646 2297 3491">
     <span class='ocr_line' id='line_1_34' title="bbox 490 2646 2296 2703; baseline -0.001 -12"><span class='ocrx_word' id='word_1_318' title='bbox 490 2647 579 2691; x_wconf 86' lang='lat' dir='ltr'>Sed</span> <span class='ocrx_word' id='word_1_319' title='bbox 609 2648 662 2690; x_wconf 89' lang='lat' dir='ltr'>ab</span> <span class='ocrx_word' id='word_1_320' title='bbox 685 2660 805 2690; x_wconf 88' lang='lat' dir='ltr'>-anno</span> <span class='ocrx_word' id='word_1_321' title='bbox 828 2647 883 2690; x_wconf 88' lang='lat'>66</span> <span class='ocrx_word' id='word_1_322' title='bbox 907 2661 944 2690; x_wconf 92' lang='lat' dir='ltr'>a.</span> <span class='ocrx_word' id='word_1_323' title='bbox 968 2646 1082 2700; x_wconf 91' lang='lat' dir='ltr'>Chr.‚</span> <span class='ocrx_word' id='word_1_324' title='bbox 1116 2646 1200 2690; x_wconf 89' lang='grc'>686</span> <span class='ocrx_word' id='word_1_325' title='bbox 1223 2660 1265 2690; x_wconf 89' lang='grc'>11.</span> <span class='ocrx_word' id='word_1_326' title='bbox 1288 2660 1326 2691; x_wconf 88' lang='grc'>0.</span> <span class='ocrx_word' id='word_1_327' title='bbox 1357 2647 1404 2689; x_wconf 92' lang='grc'>111</span> <span class='ocrx_word' id='word_1_328' title='bbox 1425 2647 1586 2690; x_wconf 85' lang='grc'><strong>11101010</strong></span> <span class='ocrx_word' id='word_1_329' title='bbox 1606 2647 1704 2690; x_wconf 88' lang='grc'><strong>11100</strong></span> <span class='ocrx_word' id='word_1_330' title='bbox 1725 2648 1891 2691; x_wconf 86' lang='lat' dir='ltr'>versari</span> <span class='ocrx_word' id='word_1_331' title='bbox 1918 2649 2165 2703; x_wconf 89' lang='lat' dir='ltr'>incipimus,</span> <span class='ocrx_word' id='word_1_332' title='bbox 2198 2661 2296 2691; x_wconf 91' lang='lat' dir='ltr'>cum</span> 
     </span>
     <span class='ocr_line' id='line_1_35' title="bbox 370 2718 2295 2776; baseline -0.001 -13"><span class='ocrx_word' id='word_1_333' title='bbox 370 2733 448 2776; x_wconf 89' lang='lat' dir='ltr'>per</span> <span class='ocrx_word' id='word_1_334' title='bbox 479 2722 652 2762; x_wconf 82' lang='lat' dir='ltr'>Dionem</span> <span class='ocrx_word' id='word_1_335' title='bbox 687 2720 882 2773; x_wconf 84' lang='lat' dir='ltr'>Cassium,</span> <span class='ocrx_word' id='word_1_336' title='bbox 915 2721 1039 2762; x_wconf 92' lang='lat' dir='ltr'>cuius</span> <span class='ocrx_word' id='word_1_337' title='bbox 1070 2719 1207 2771; x_wconf 91' lang='lat' dir='ltr'>libris,</span> <span class='ocrx_word' id='word_1_338' title='bbox 1249 2719 1323 2774; x_wconf 83' lang='lat' dir='ltr'>qui</span> <span class='ocrx_word' id='word_1_339' title='bbox 1353 2718 1514 2775; x_wconf 88' lang='lat' dir='ltr'>integri</span> <span class='ocrx_word' id='word_1_340' title='bbox 1544 2718 1599 2760; x_wconf 89' lang='lat' dir='ltr'>ad</span> <span class='ocrx_word' id='word_1_341' title='bbox 1630 2721 1822 2761; x_wconf 90' lang='lat' dir='ltr'>nostram</span> <span class='ocrx_word' id='word_1_342' title='bbox 1854 2721 2040 2761; x_wconf 87' lang='lat' dir='ltr'>aetatem</span> <span class='ocrx_word' id='word_1_343' title='bbox 2070 2722 2295 2771; x_wconf 89' lang='lat' dir='ltr'>venerunt,</span> 
     </span>
     <span class='ocr_line' id='line_1_36' title="bbox 372 2789 2297 2846; baseline -0.001 -12"><span class='ocrx_word' id='word_1_344' title='bbox 372 2791 580 2844; x_wconf 80' lang='lat'>36—54,</span> <span class='ocrx_word' id='word_1_345' title='bbox 612 2791 820 2846; x_wconf 90' lang='lat' dir='ltr'>quidquid</span> <span class='ocrx_word' id='word_1_346' title='bbox 852 2804 929 2846; x_wconf 91' lang='lat' dir='ltr'>per</span> <span class='ocrx_word' id='word_1_347' title='bbox 959 2791 1014 2834; x_wconf 85' lang='lat'>57</span> <span class='ocrx_word' id='word_1_348' title='bbox 1048 2804 1183 2834; x_wconf 89' lang='lat' dir='ltr'>annos</span> <span class='ocrx_word' id='word_1_349' title='bbox 1217 2791 1287 2843; x_wconf 90' lang='lat' dir='ltr'>(ab</span> <span class='ocrx_word' id='word_1_350' title='bbox 1318 2804 1356 2833; x_wconf 90' lang='lat' dir='ltr'>a.</span> <span class='ocrx_word' id='word_1_351' title='bbox 1390 2789 1445 2833; x_wconf 90' lang='lat'>66</span> <span class='ocrx_word' id='word_1_352' title='bbox 1477 2802 1615 2845; x_wconf 89' lang='lat' dir='ltr'>usque</span> <span class='ocrx_word' id='word_1_353' title='bbox 1646 2789 1702 2838; x_wconf 91' lang='lat' dir='ltr'>ad</span> <span class='ocrx_word' id='word_1_354' title='bbox 1734 2790 1857 2833; x_wconf 77' lang='lat' dir='ltr'>lO&#39;a.</span> <span class='ocrx_word' id='word_1_355' title='bbox 1882 2789 2009 2843; x_wconf 86' lang='lat' dir='ltr'>Chr.)</span> <span class='ocrx_word' id='word_1_356' title='bbox 2041 2790 2157 2833; x_wconf 92' lang='lat' dir='ltr'>domi</span> <span class='ocrx_word' id='word_1_357' title='bbox 2187 2791 2297 2832; x_wconf 90' lang='lat' dir='ltr'>mili-</span> 
     </span>
     <span class='ocr_line' id='line_1_37' title="bbox 371 2862 2296 2919; baseline -0.002 -13"><span class='ocrx_word' id='word_1_358' title='bbox 371 2865 544 2919; x_wconf 89' lang='lat' dir='ltr'>tiaeque</span> <span class='ocrx_word' id='word_1_359' title='bbox 576 2865 747 2919; x_wconf 85' lang='lat' dir='ltr'>gestum</span> <span class='ocrx_word' id='word_1_360' title='bbox 779 2865 868 2915; x_wconf 89' lang='lat' dir='ltr'>est,</span> <span class='ocrx_word' id='word_1_361' title='bbox 911 2863 1212 2917; x_wconf 89' lang='lat' dir='ltr'>copiosissime</span> <span class='ocrx_word' id='word_1_362' title='bbox 1244 2864 1488 2914; x_wconf 86' lang='lat' dir='ltr'>enarratur,</span> <span class='ocrx_word' id='word_1_363' title='bbox 1527 2864 1620 2904; x_wconf 92' lang='lat' dir='ltr'>tum</span> <span class='ocrx_word' id='word_1_364' title='bbox 1650 2874 1752 2904; x_wconf 93' lang='lat' dir='ltr'>vero</span> <span class='ocrx_word' id='word_1_365' title='bbox 1783 2874 1926 2904; x_wconf 91' lang='lat' dir='ltr'>rerum</span> <span class='ocrx_word' id='word_1_366' title='bbox 1957 2862 2149 2904; x_wconf 90' lang='lat' dir='ltr'>civilium</span> <span class='ocrx_word' id='word_1_367' title='bbox 2183 2862 2296 2904; x_wconf 91' lang='lat' dir='ltr'>ordi-</span> 
     </span>
     <span class='ocr_line' id='line_1_38' title="bbox 371 2931 2296 2988; baseline -0.002 -10"><span class='ocrx_word' id='word_1_368' title='bbox 371 2949 471 2978; x_wconf 89' lang='lat' dir='ltr'>nem</span> <span class='ocrx_word' id='word_1_369' title='bbox 491 2937 535 2978; x_wconf 88' lang='lat' dir='ltr'>et</span> <span class='ocrx_word' id='word_1_370' title='bbox 555 2947 709 2977; x_wconf 91' lang='lat' dir='ltr'>causas</span> <span class='ocrx_word' id='word_1_371' title='bbox 730 2934 844 2976; x_wconf 90' lang='lat' dir='ltr'>haud</span> <span class='ocrx_word' id='word_1_372' title='bbox 864 2934 995 2988; x_wconf 92' lang='lat' dir='ltr'>paulo</span> <span class='ocrx_word' id='word_1_373' title='bbox 1015 2934 1247 2976; x_wconf 89' lang='lat' dir='ltr'>iucundius</span> <span class='ocrx_word' id='word_1_374' title='bbox 1269 2932 1478 2987; x_wconf 80' lang='lat' dir='ltr'>(fortasse</span> <span class='ocrx_word' id='word_1_375' title='bbox 1500 2934 1628 2976; x_wconf 87' lang='lat' dir='ltr'>etiam</span> <span class='ocrx_word' id='word_1_376' title='bbox 1650 2933 1820 2986; x_wconf 91' lang='lat' dir='ltr'>melius,</span> <span class='ocrx_word' id='word_1_377' title='bbox 1852 2946 1952 2976; x_wconf 90' lang='lat' dir='ltr'>cum</span> <span class='ocrx_word' id='word_1_378' title='bbox 1973 2933 2126 2974; x_wconf 89' lang='lat' dir='ltr'>Dionis</span> <span class='ocrx_word' id='word_1_379' title='bbox 2152 2931 2296 2975; x_wconf 89' lang='lat' dir='ltr'>Cassii</span> 
     </span>
     <span class='ocr_line' id='line_1_39' title="bbox 372 3002 2296 3060; baseline -0.003 -10"><span class='ocrx_word' id='word_1_380' title='bbox 372 3008 540 3050; x_wconf 90' lang='lat' dir='ltr'>animus</span> <span class='ocrx_word' id='word_1_381' title='bbox 572 3019 597 3048; x_wconf 91' lang='lat' dir='ltr'>a</span> <span class='ocrx_word' id='word_1_382' title='bbox 620 3005 828 3048; x_wconf 89' lang='lat' dir='ltr'>Cicerone</span> <span class='ocrx_word' id='word_1_383' title='bbox 859 3005 1102 3060; x_wconf 90' lang='lat' dir='ltr'>ceterisque</span> <span class='ocrx_word' id='word_1_384' title='bbox 1134 3005 1347 3048; x_wconf 88' lang='lat' dir='ltr'>libertatis</span> <span class='ocrx_word' id='word_1_385' title='bbox 1377 3004 1769 3060; x_wconf 88' lang='lat' dir='ltr'>propugnatoribus</span> <span class='ocrx_word' id='word_1_386' title='bbox 1800 3004 1929 3059; x_wconf 91' lang='lat' dir='ltr'>paulo</span> <span class='ocrx_word' id='word_1_387' title='bbox 1961 3004 2141 3046; x_wconf 89' lang='lat' dir='ltr'>alienior</span> <span class='ocrx_word' id='word_1_388' title='bbox 2160 3002 2296 3045; x_wconf 89' lang='lat' dir='ltr'>fuisse</span> 
     </span>
     <span class='ocr_line' id='line_1_40' title="bbox 362 3075 2296 3132; baseline -0.003 -11"><span class='ocrx_word' id='word_1_389' title='bbox 362 3076 585 3130; x_wconf 71' lang='lat' dir='ltr'>⁴videatur)</span> <span class='ocrx_word' id='word_1_390' title='bbox 617 3091 672 3119; x_wconf 92' lang='lat' dir='ltr'>ex</span> <span class='ocrx_word' id='word_1_391' title='bbox 697 3077 900 3119; x_wconf 82' lang='lat' dir='ltr'>Ciceronis</span> <span class='ocrx_word' id='word_1_392' title='bbox 930 3076 1161 3119; x_wconf 89' lang='lat' dir='ltr'>clarissimi</span> <span class='ocrx_word' id='word_1_393' title='bbox 1190 3077 1356 3132; x_wconf 90' lang='lat' dir='ltr'>ingenii</span> <span class='ocrx_word' id='word_1_394' title='bbox 1385 3076 1674 3118; x_wconf 91' lang='lat' dir='ltr'>monumentis</span> <span class='ocrx_word' id='word_1_395' title='bbox 1706 3076 2027 3131; x_wconf 90' lang='lat' dir='ltr'>cognoscimus,</span> <span class='ocrx_word' id='word_1_396' title='bbox 2059 3075 2181 3116; x_wconf 91' lang='lat' dir='ltr'>cuius</span> <span class='ocrx_word' id='word_1_397' title='bbox 2213 3076 2296 3128; x_wconf 84' lang='lat' dir='ltr'>epi-</span> 
     </span>
     <span class='ocr_line' id='line_1_41' title="bbox 370 3146 2296 3204; baseline -0.002 -13"><span class='ocrx_word' id='word_1_398' title='bbox 370 3151 487 3192; x_wconf 83' lang='lat' dir='ltr'>stolis</span> <span class='ocrx_word' id='word_1_399' title='bbox 525 3151 569 3192; x_wconf 92' lang='lat' dir='ltr'>et</span> <span class='ocrx_word' id='word_1_400' title='bbox 605 3150 855 3190; x_wconf 84' lang='lat' dir='ltr'>orationibus</span> <span class='ocrx_word' id='word_1_401' title='bbox 891 3150 1101 3204; x_wconf 90' lang='lat' dir='ltr'>perpetua</span> <span class='ocrx_word' id='word_1_402' title='bbox 1140 3148 1350 3203; x_wconf 90' lang='lat' dir='ltr'>quaedam</span> <span class='ocrx_word' id='word_1_403' title='bbox 1388 3148 1482 3190; x_wconf 91' lang='lat' dir='ltr'>eius</span> <span class='ocrx_word' id='word_1_404' title='bbox 1519 3147 1751 3202; x_wconf 89' lang='lat' dir='ltr'>temporis,</span> <span class='ocrx_word' id='word_1_405' title='bbox 1789 3149 2019 3202; x_wconf 86' lang='lat' dir='ltr'>postquam</span> <span class='ocrx_word' id='word_1_406' title='bbox 2058 3147 2154 3201; x_wconf 90' lang='lat' dir='ltr'>ipse</span> <span class='ocrx_word' id='word_1_407' title='bbox 2183 3146 2296 3188; x_wconf 88' lang='lat' dir='ltr'>inter</span> 
     </span>
     <span class='ocr_line' id='line_1_42' title="bbox 371 3215 2295 3277; baseline -0.002 -14"><span class='ocrx_word' id='word_1_408' title='bbox 371 3222 590 3277; x_wconf 88' lang='lat' dir='ltr'>principes</span> <span class='ocrx_word' id='word_1_409' title='bbox 623 3220 812 3263; x_wconf 89' lang='lat' dir='ltr'>civitatis</span> <span class='ocrx_word' id='word_1_410' title='bbox 843 3221 1058 3262; x_wconf 89' lang='lat' dir='ltr'>numerari</span> <span class='ocrx_word' id='word_1_411' title='bbox 1088 3222 1268 3275; x_wconf 89' lang='lat' dir='ltr'>coeptus</span> <span class='ocrx_word' id='word_1_412' title='bbox 1308 3222 1376 3262; x_wconf 92' lang='lat' dir='ltr'>est</span> <span class='ocrx_word' id='word_1_413' title='bbox 1407 3219 1602 3274; x_wconf 92' lang='lat' dir='ltr'>(praetor</span> <span class='ocrx_word' id='word_1_414' title='bbox 1634 3218 1704 3271; x_wconf 92' lang='lat'>66,</span> <span class='ocrx_word' id='word_1_415' title='bbox 1734 3230 1824 3261; x_wconf 89' lang='lat' dir='ltr'>cos.</span> <span class='ocrx_word' id='word_1_416' title='bbox 1855 3218 1925 3270; x_wconf 88' lang='lat'>63,</span> <span class='ocrx_word' id='word_1_417' title='bbox 1956 3220 2080 3260; x_wconf 88' lang='lat' dir='ltr'>mort.</span> <span class='ocrx_word' id='word_1_418' title='bbox 2101 3215 2202 3269; x_wconf 87' lang='lat'>43),</span> <span class='ocrx_word' id='word_1_419' title='bbox 2232 3217 2295 3259; x_wconf 89' lang='lat' dir='ltr'>hi—</span> 
     </span>
     <span class='ocr_line' id='line_1_43' title="bbox 373 3288 2296 3346; baseline -0.003 -11"><span class='ocrx_word' id='word_1_420' title='bbox 373 3294 507 3336; x_wconf 91' lang='lat' dir='ltr'>storia</span> <span class='ocrx_word' id='word_1_421' title='bbox 538 3293 804 3335; x_wconf 81' lang='lat' dir='ltr'>continetur:</span> <span class='ocrx_word' id='word_1_422' title='bbox 845 3305 940 3334; x_wconf 90' lang='lat' dir='ltr'>eam</span> <span class='ocrx_word' id='word_1_423' title='bbox 970 3304 1072 3334; x_wconf 91' lang='lat' dir='ltr'>vero</span> <span class='ocrx_word' id='word_1_424' title='bbox 1103 3305 1209 3345; x_wconf 88' lang='lat' dir='ltr'>rem,</span> <span class='ocrx_word' id='word_1_425' title='bbox 1241 3291 1293 3334; x_wconf 92' lang='lat' dir='ltr'>de</span> <span class='ocrx_word' id='word_1_426' title='bbox 1325 3304 1410 3346; x_wconf 91' lang='lat' dir='ltr'>qua</span> <span class='ocrx_word' id='word_1_427' title='bbox 1442 3290 1594 3332; x_wconf 91' lang='lat' dir='ltr'>consul</span> <span class='ocrx_word' id='word_1_428' title='bbox 1624 3292 1799 3345; x_wconf 88' lang='lat' dir='ltr'>togatus</span> <span class='ocrx_word' id='word_1_429' title='bbox 1830 3290 2016 3332; x_wconf 78' lang='lat' dir='ltr'>maxime</span> <span class='ocrx_word' id='word_1_430' title='bbox 2048 3291 2093 3332; x_wconf 91' lang='lat' dir='ltr'>et</span> <span class='ocrx_word' id='word_1_431' title='bbox 2119 3288 2296 3344; x_wconf 87' lang='lat' dir='ltr'>gloriari</span> 
     </span>
     <span class='ocr_line' id='line_1_44' title="bbox 373 3360 2295 3415; baseline -0.003 -8"><span class='ocrx_word' id='word_1_432' title='bbox 373 3366 540 3407; x_wconf 90' lang='lat' dir='ltr'>solebat</span> <span class='ocrx_word' id='word_1_433' title='bbox 577 3367 621 3407; x_wconf 91' lang='lat' dir='ltr'>et</span> <span class='ocrx_word' id='word_1_434' title='bbox 653 3363 922 3415; x_wconf 87' lang='lat' dir='ltr'>merebatur,</span> <span class='ocrx_word' id='word_1_435' title='bbox 961 3363 1221 3406; x_wconf 91' lang='lat' dir='ltr'>vindicatam</span> <span class='ocrx_word' id='word_1_436' title='bbox 1261 3365 1305 3405; x_wconf 91' lang='lat' dir='ltr'>et</span> <span class='ocrx_word' id='word_1_437' title='bbox 1342 3363 1556 3405; x_wconf 89' lang='lat' dir='ltr'>detectam</span> <span class='ocrx_word' id='word_1_438' title='bbox 1593 3362 1797 3403; x_wconf 83' lang='lat' dir='ltr'>Catilinae</span> <span class='ocrx_word' id='word_1_439' title='bbox 1835 3360 2199 3412; x_wconf 89' lang='lat' dir='ltr'>coniurationem,</span> <span class='ocrx_word' id='word_1_440' title='bbox 2239 3371 2295 3401; x_wconf 87' lang='lat' dir='ltr'>ex</span> 
     </span>
     <span class='ocr_line' id='line_1_45' title="bbox 371 3431 2293 3491; baseline -0.004 -13"><span class='ocrx_word' id='word_1_441' title='bbox 371 3437 588 3491; x_wconf 79' lang='lat' dir='ltr'>Sallustii,</span> <span class='ocrx_word' id='word_1_442' title='bbox 637 3435 907 3478; x_wconf 87' lang='lat' dir='ltr'>veracissimi</span> <span class='ocrx_word' id='word_1_443' title='bbox 945 3435 1192 3489; x_wconf 89' lang='lat' dir='ltr'>scriptoris,</span> <span class='ocrx_word' id='word_1_444' title='bbox 1239 3435 1460 3477; x_wconf 89' lang='lat' dir='ltr'>luculenta</span> <span class='ocrx_word' id='word_1_445' title='bbox 1497 3434 1741 3476; x_wconf 87' lang='lat' dir='ltr'>narratione</span> <span class='ocrx_word' id='word_1_446' title='bbox 1781 3433 1994 3475; x_wconf 89' lang='lat' dir='ltr'>novimus.</span> <span class='ocrx_word' id='word_1_447' title='bbox 2062 3431 2153 3473; x_wconf 92' lang='lat' dir='ltr'>Iam</span> <span class='ocrx_word' id='word_1_448' title='bbox 2191 3442 2293 3472; x_wconf 89' lang='lat' dir='ltr'>vero</span> 
     </span>
    </p>
   </div>
   <div class='ocr_carea' id='block_1_5' title="bbox 373 3501 2381 3635">
    <p class='ocr_par' dir='ltr' id='par_1_7' title="bbox 373 3501 2381 3635">
     <span class='ocr_line' id='line_1_46' title="bbox 377 3501 2381 3562; baseline -0.004 -12"><span class='ocrx_word' id='word_1_449' title='bbox 377 3508 543 3560; x_wconf 84' lang='lat' dir='ltr'>Caesar,</span> <span class='ocrx_word' id='word_1_450' title='bbox 576 3520 684 3562; x_wconf 90' lang='lat' dir='ltr'>quae</span> <span class='ocrx_word' id='word_1_451' title='bbox 716 3507 830 3550; x_wconf 88' lang='lat' dir='ltr'>bella</span> <span class='ocrx_word' id='word_1_452' title='bbox 858 3507 905 3548; x_wconf 91' lang='grc'>111</span> <span class='ocrx_word' id='word_1_453' title='bbox 930 3505 1072 3548; x_wconf 87' lang='lat' dir='ltr'>Gallia</span> <span class='ocrx_word' id='word_1_454' title='bbox 1104 3508 1147 3548; x_wconf 91' lang='lat' dir='ltr'>et</span> <span class='ocrx_word' id='word_1_455' title='bbox 1177 3508 1328 3548; x_wconf 90' lang='lat' dir='ltr'>contra</span> <span class='ocrx_word' id='word_1_456' title='bbox 1358 3506 1612 3561; x_wconf 90' lang='lat' dir='ltr'>Pompeium</span> <span class='ocrx_word' id='word_1_457' title='bbox 1645 3505 1796 3561; x_wconf 87' lang='lat' dir='ltr'>gessit,</span> <span class='ocrx_word' id='word_1_458' title='bbox 1826 3504 1921 3559; x_wconf 91' lang='lat' dir='ltr'>ipse</span> <span class='ocrx_word' id='word_1_459' title='bbox 1945 3502 2136 3558; x_wconf 87' lang='lat' dir='ltr'>scripsit,</span> <span class='ocrx_word' id='word_1_460' title='bbox 2168 3503 2212 3543; x_wconf 90' lang='lat' dir='ltr'>et</span> <span class='ocrx_word' id='word_1_461' title='bbox 2231 3501 2294 3543; x_wconf 88' lang='lat' dir='ltr'>ita</span> <span class='ocrx_word' id='word_1_462' title='bbox 2380 3543 2381 3559; x_wconf 15' lang='grc' dir='ltr'><strong>χ</strong></span> 
     </span>
     <span class='ocr_line' id='line_1_47' title="bbox 373 3571 2381 3635; baseline -0.005 -12"><span class='ocrx_word' id='word_1_463' title='bbox 373 3579 563 3635; x_wconf 85' lang='lat' dir='ltr'>scripsit,</span> <span class='ocrx_word' id='word_1_464' title='bbox 602 3582 650 3622; x_wconf 92' lang='lat' dir='ltr'>ut</span> <span class='ocrx_word' id='word_1_465' title='bbox 681 3591 809 3634; x_wconf 90' lang='lat' dir='ltr'>quam</span> <span class='ocrx_word' id='word_1_466' title='bbox 840 3577 1022 3633; x_wconf 86' lang='lat' dir='ltr'>gloriam</span> <span class='ocrx_word' id='word_1_467' title='bbox 1051 3578 1163 3619; x_wconf 89' lang='lat' dir='ltr'>inter</span> <span class='ocrx_word' id='word_1_468' title='bbox 1201 3577 1482 3631; x_wconf 87' lang='lat' dir='ltr'>imperatores</span> <span class='ocrx_word' id='word_1_469' title='bbox 1513 3575 1642 3619; x_wconf 90' lang='lat' dir='ltr'>rebus</span> <span class='ocrx_word' id='word_1_470' title='bbox 1675 3575 1876 3631; x_wconf 88' lang='lat' dir='ltr'>gerendis</span> <span class='ocrx_word' id='word_1_471' title='bbox 1909 3573 2078 3624; x_wconf 88' lang='lat' dir='ltr'>meruit,</span> <span class='ocrx_word' id='word_1_472' title='bbox 2111 3571 2291 3622; x_wconf 87' lang='lat' dir='ltr'>eandem</span> <span class='ocrx_word' id='word_1_473' title='bbox 2371 3576 2381 3623; x_wconf 66' lang='lat'>,⁴</span> 
     </span>
    </p>
   </div>
   <div class='ocr_carea' id='block_1_6' title="bbox 2368 3351 2392 4016">
    <p class='ocr_par' dir='ltr' id='par_1_8' title="bbox 2368 3351 2392 4016">
     <span class='ocr_line' id='line_1_48' title="bbox 2368 3351 2392 4016; baseline 0 0"><span class='ocrx_word' id='word_1_474' title='bbox 2368 3351 2392 4016; x_wconf 95' lang='lat' dir='ltr'> </span> 
     </span>
    </p>
   </div>
  </div>
 </body>
</html>
