2392 4016
0 136 25 271 '2'
703 191 851 234 Graeci
881 204 1011 244 usque
1040 194 1095 235 ad
1122 205 1230 236 anna
1246 194 1334 236 466
1355 207 1392 235 a.
1410 194 1508 237 Chr.
2012 197 2071 243 23

0 264 20 315 3:

141 385 309 431 Classis
342 384 611 431 Graecorum
644 382 759 429 duce
795 385 1014 429 Pausania
1051 384 1137 437 (ot¹
1155 383 1497 431 Atheniensibus
1533 388 1735 443 Aristide,
1772 344 1901 379 acar.
1925 343 2073 388 mm.

201 444 386 498 Cimone)
419 444 613 503 Cyprum
641 442 813 496 liberat,
845 442 1106 500 Byzantium
1135 446 1360 500 expugnat
1791 448 1879 493 477
1941 448 1999 495 75
2018 450 2048 494 4

139 503 247 548 Cum
269 503 509 548 Pausanias
541 502 786 559 superbiret
808 502 1069 561 domumque
1089 506 1319 547 revocatus
1341 506 1474 558 esset,
1504 503 1734 561 imperium

22 578 29 604 ;
195 563 457 607 maritimum
477 560 816 606 Atheniensibus
837 559 1058 616 (Aristidi)
1077 561 1361 607 demandatur
1389 563 1443 607 ab
1475 562 1624 617 sociis,
1654 564 1733 607 im·

136 610 153 734 ¹
196 622 348 679 primis
380 621 573 666 Ionibus.
633 619 790 665 Dorcis
821 619 1149 665 Lacedaemone
1186 621 1348 666 missus
1388 635 1475 666 non
1505 622 1732 679 accipitur.

195 681 347 737 Itaque
376 678 711 725 Lacedaemonii
742 682 787 723 et
815 678 922 724 Pelo
953 680 1124 724 onnesii
1152 679 1269 725 bello
1300 681 1445 725 navali
1474 680 1694 726 desistunt
1789 682 1878 728 476
1940 684 1998 730 75
2018 686 2047 728 4

135 740 235 784 Deli
266 752 493 783 commune
523 738 737 782 aerarium
768 738 823 782 ad
853 693 1016 783 beffum
1045 752 1145 784 cum
1164 739 1313 784 Persis
1338 740 1581 797 gerendum
1607 740 1732 785 insti-

193 799 329 842 tuitur
359 811 415 842 ex
444 797 619 842 tributis
652 797 878 841 civitatum
1789 801 1880 846 470
1939 800 1996 845 77
2019 800 2047 846 3

139 858 298 911 Cimon,
335 856 542 901 Miltiadis
583 854 659 909 fil„
696 855 855 900 Persas
887 855 1074 899 Thracia
1112 854 1303 911 (Eione)
1341 858 1484 912 eiicit,
1523 857 1675 903 deince
1708 871 1730 902 s
1789 859 1878 905 476
1938 859 2042 905 761

12 914 14 928 ²
191 916 521 972 insequentibus
553 915 678 959 anuis
701 914 889 973 Scyrum
919 915 1109 960 insulam
1138 916 1184 959 in
1215 919 1374 973 potest.
1407 917 1568 975 redigit
1596 914 1673 970 (un
1704 930 1728 962 e

195 974 355 1018 Thesei
385 987 488 1019 ossa
516 973 710 1018 Athenas
741 973 974 1031 reportat),
1007 973 1235 1031 Carystios
1266 976 1313 1019 in
1342 975 1522 1021 Euboea
1551 977 1731 1034 subigit,

0 1372 3 1407 l

191 1032 357 1104 Naxios
389 1047 488 1077 cum
518 1033 895 1103 descivissent-ad
926 1033 1191 1079 deditionem
1221 1034 1360 1105 adigit
1668 1074 1695 1105 Δ
1789 1036 1878 1082 472
1938 1036 1996 1081 77
2020 1037 2041 1082 1

0 1129 5 1145 ,
132 1093 369 1136 Pausamas
405 1092 664 1149 prodltionis
704 1095 931 1139 coniuctus
963 1092 1146 1149 Spartae
1185 1093 1399 1138 occiditur
1433 1093 1572 1138 filium
1601 1094 1731 1138 relin-

96 1052 118 1213 ἱ
172 1164 329 1208 -quens
359 1151 700 1196 Plistoanactem
1787 1154 1877 1199 473
1938 1153 1996 1198 76
2017 1154 2046 1198 4

137 1211 423 1254 flemistocles
451 1210 708 1255 testularum
740 1209 949 1267 suffragio
986 1209 1073 1254 iam
1109 1213 1238 1255 antea
1266 1211 1312 1255 in
1343 1211 1521 1256 exilium
1551 1211 1728 1266 missus,

192 1269 325 1327 Argis
355 1270 402 1313 in
432 1268 583 1313 Asiam
614 1269 784 1326 aufugit
1788 1270 1877 1317 473
1938 1270 1995 1315 76
2015 1271 2045 1314 4

93 1295 120 1428 1
137 1329 275 1372 Cimon
307 1328 363 1372 ad
382 1328 750 1391 Eurdeyntem
779 1327 958 1372 fluvium
983 1326 1049 1380 (in
1070 1328 1343 1387 Pamphylia)
1364 1330 1595 1374 Persarum
1617 1329 1728 1373 clas-

192 1401 285 1431 sem
318 1390 363 1432 et
392 1388 632 1432 exercitum
663 1386 828 1444 duplici
858 1387 1040 1431 victoria
1069 1387 1187 1432 delet
1786 1388 1875 1433 469
1937 1388 1992 1431 77
2016 1387 2043 1432 3

131 1447 358 1502 Sophocles
372 1447 558 1504 primum
573 1446 799 1503 tragoedia
812 1446 961 1489 vincit.
982 1446 1179 1490 Socrates
1194 1447 1389 1491 nascitur
1404 1446 1445 1491 d.
1461 1446 1503 1491 3.
1523 1446 1726 1503 Thargel.
1786 1446 1875 1492 468
1935 1447 1992 1491 77
2014 1447 2043 1490 4

130 1506 340 1562 Mycenae
371 1505 425 1549 ab
455 1505 631 1562 Argivis
662 1507 815 1561 captae
847 1507 892 1548 et
911 1505 1090 1549 dirutae
1785 1505 1875 1551 468
1936 1505 1995 1550 78
2019 1506 2041 1550 1

136 1565 284 1608 Thasii
312 1565 366 1609 ab
396 1563 497 1608 Ath.
532 1564 743 1607 societate
773 1562 996 1617 deficiunt,
1035 1566 1130 1608 orta
1159 1565 1438 1608 contentione
1470 1564 1523 1608 de
1553 1577 1729 1622 posses·

188 1624 311 1667 sione
342 1636 443 1668 orae
474 1622 686 1667 Thraciae
717 1625 761 1666 et
789 1622 1062 1667 metallorum
1787 1623 1875 1669 467
1935 1622 1994 1667 78
2015 1622 2043 1666 2

131 1682 335 1741 Spartani
373 1682 624 1726 domesticis
666 1682 986 1726 calamitatibus
1026 1682 1245 1735 laborant,
1285 1696 1384 1727 cum
1421 1686 1564 1727 terrae
1606 1685 1727 1726 motu

187 1744 280 1786 tota
308 1755 446 1799 paene
487 1741 592 1786 urbs
632 1741 871 1795 deleretur,
910 1742 1091 1786 Helotes
1131 1755 1182 1787 ac
1212 1742 1421 1787 Messenii
1449 1742 1725 1796 rebellarent,

187 1800 304 1858 quod
331 1800 494 1845 bellum
522 1799 693 1844 finitum
723 1803 792 1844 est
821 1801 1103 1857 quadriennio
1133 1803 1236 1859 post
1786 1800 1875 1845 466
1935 1799 1994 1844 78
2014 1798 2043 1844 3

130 1860 295 1916 Itaque·
319 1859 491 1914 Thasii,
539 1873 638 1903 cum
676 1860 843 1903 nullum
882 1873 908 1903 a
947 1859 1305 1904 Lacedaemoniis
1343 1859 1556 1903 auxilium
1593 1862 1725 1912 esset,

189 1919 318 1962 tertio
350 1932 462 1962 anno
494 1919 680 1972 obsessi,
719 1919 773 1963 ab
804 1918 1145 1963 Atheniensibus
1177 1921 1222 1963 et
1253 1917 1432 1963 Cimone
1464 1918 1725 1975 subiguntur
1783 1917 1873 1964 465
1933 1916 1992 1963 78
2012 1918 2041 1961 4

129 1979 363 2080 Imperriaugn
381 1976 482 2022 Ath.
513 1977 708 2022 firmatur
738 1978 956 2023 communi
987 1979 1152 2022 aerario
1184 1991 1240 2023 ex
1261 1977 1370 2022 Delo
1391 1976 1586 2022 Athenas
1609 1990 1725 2021 com·
1932 2034 1990 2079 79
2010 2034 2040 2078 4

218 2050 243 2080 o
333 2049 358 2080 o

30 2093 34 2114 ²
129 2051 420 2140 Atfienienses
437 2095 794 2142 Lacedaemoniis
809 2095 1008 2140 Ithomen
1027 2095 1327 2141 obsidentibus
1349 2095 1513 2141 auxilia
1530 2095 1723 2148 mittunt,

189 2158 365 2199 auctore
397 2154 600 2208 Cimone,
643 2155 722 2199 sed
752 2168 804 2199 ea
833 2167 932 2198 cum
971 2156 1214 2212 suspiciose
1253 2156 1543 2217 tractarentur
1584 2157 1628 2199 et
1656 2167 1723 2198 re-

187 2214 482 2267 mitterentur,
522 2213 667 2265 odium
706 2216 855 2258 natum
895 2217 976 2259 est.
1046 2214 1202 2258 Cimon
1238 2214 1502 2258 inexilium
1538 2213 1725 2257 mittitur

187 2286 264 2329 per
283 2274 600 2317 ostracismum.
650 2273 821 2317 Exinde
842 2273 1026 2317 Pericles
1045 2274 1186 2330 gratia
1205 2273 1357 2331 populi
1386 2271 1540 2317 florere
1562 2272 1720 2329 coepit.
1780 2270 1870 2316 463
1931 2270 1989 2315 79
2009 2269 2037 2314 2

129 2332 326 2376 Foedera
356 2333 503 2376 statim
533 2331 692 2377 Athen.
723 2332 900 2376 faciunt'
927 2345 1027 2376 cum
1057 2331 1234 2403 Argi-rga
1266 2335 1311 2376 et
1341 2332 1582 2392 TQHQ
1622 2344 1726 2376 mox

188 2404 287 2436 cum
316 2391 385 2435 Me
524 2391 660 2445 sibus,
692 2404 802 2448 quos
833 2392 878 2435 in
908 2391 1053 2449 longis
1084 2405 1219 2435 muris
1241 2391 1447 2435 Nisaeam
1478 2404 1617 2447 usque
1649 2403 1724 2434 ex-

186 2449 384 2495 truendis
475 2451 622 2494 'uvant
1783 2446 1871 2491 462
1932 2445 1990 2491 79
2011 2446 2040 2492 3

12 2530 17 2538 ’
129 2508 362 2567 Aegyptiis
392 2509 502 2554 duce
541 2509 668 2554 Inaro
700 2508 1005 2570 deficientibus
1045 2509 1099 2553 ab
1129 2508 1373 2554 Artaxerxe
1402 2508 1567 2553 auxilio
1595 2506 1724 2565 proii-

15 2559 43 2627 ξ’
188 2568 412 2612 ciscuntur
441 2567 541 2611 Ath.
572 2570 666 2612 tum
697 2567 834 2626 Cypri
864 2580 964 2612 cum
996 2567 1139 2612 classe
1170 2570 1396 2612 versantes
1785 2563 1871 2610 461
1933 2564 1992 2609 79
2012 2562 2041 2608 3

15 2644 19 2659 ·
50 2659 53 2663 -
129 2626 378 2684 Eodemque
414 2629 609 2684 tempore
650 2627 776 2672 novis
813 2627 941 2671 bellis
984 2640 1083 2671 cum
1122 2627 1358 2671 Corinthiis
1388 2623 1723 2682 Epidauriisque

44 2718 61 2744 z
191 2689 235 2731 et
262 2686 489 2744 Aeginetis
519 2687 818 2743 implicanturz
849 2699 997 2744 pugna
1026 2686 1171 2730 navali
1201 2685 1256 2730 ad
1287 2685 1499 2742 Aeginam
1529 2683 1723 2728 vincunt.

15 2773 21 2781 -
132 2743 240 2789 Cum
279 2746 325 2789 in
354 2745 526 2802 Aegina
564 2748 684 2790 esset
712 2744 813 2789 Ath.
845 2745 1086 2798 exercitus,
1129 2744 1342 2789 Corinthii
1383 2744 1430 2789 iu
1459 2741 1742 2800 Megaridem-

17 2805 22 2819 ¹
187 2805 520 2861 impressionem
550 2804 728 2858 faciunt,
761 2803 841 2848 sed
869 2804 1102 2848 vincuntur
1134 2818 1160 2847 a
1189 2804 1422 2862 Hymnide,
1463 2801 1574 2847 duce
1606 2801 1724 2845 subi·

18 2887 22 2924 ξ
46 2907 51 2913 ,
185 2864 288 2908 tarii
318 2864 537 2907 exercitus
1785 2858 1875 2903 460

17 2950 24 2964 .
52 2943 54 2949 ⁸
85 2887 273 3001 &Longi
301 2922 413 2966 muri
442 2914 522 2974 (τὰ
541 2912 690 2979 μακρὰ
712 2918 857 2975 τείχη)
892 2919 1111 2965 aedificari
1130 2921 1274 2991 coepti
1293 2918 1498 2973 (triennio
1518 2916 1726 2971 absoluti)
1785 2917 1873 2963 459

4 3007 53 3048 &¹
133 2979 350 3038 Areopagi
386 2981 440 3083 inl
468 2993 559 3038 rep.
598 2982 793 3050 potestas
835 2981 888 3050 ab
920 2979 1088 3083 Ptericle
1118 2980 1330 3038 Ephialtis
1369 2993 1503 3038 opera
1541 2978 1728 3080 Volesi&

133 3051 988 3143 ῙιαξξῗίῗέωζὲἰίῙῖῗίξὲξξὲἔοΡιῑὲῗοιὲἓοὲ
1024 3110 1101 3156 pro
1133 3096 1418 3142 Doriensibus
1457 3094 1618 3140 bellum
1650 3107 1723 3151 ge·
1782 3093 1871 3140 458

32 3206 35 3212 ,
190 3160 315 3210 runt;
356 3157 568 3201 exercitui
604 3156 776 3202 illorum
814 3157 1012 3202 redeunti
1050 3156 1104 3200 ad
1135 3157 1379 3217 '1'an
1418 3167 1465 3199 se
1497 3156 1723 3212 opponunt

19 3228 43 3275 3*
125 3240 130 3245 ·
189 3214 494 3269 Athenienses,
526 3215 605 3260 sed
633 3216 865 3261 vincuntur
895 3218 940 3260 et
969 3216 1124 3260 cedere
1155 3216 1384 3271 coguntur.

46 3285 50 3291 ’
133 3273 347 3319 Damnum
378 3275 577 3320 celeriter
608 3275 726 3332 (post
754 3274 810 3320 62
842 3274 955 3327 dies)
985 3277 1210 3332 reparatur
1238 3286 1315 3331 per
1343 3272 1611 3342 Hymnidem,
1645 3270 1720 3327 qui

190 3333 380 3404 Boeoto-s
420 3334 475 3377 ad
514 3333 771 3397 Othyta
805 3334 943 3378 vincit
982 3335 1027 3377 et
1057 3332 1362 3377 Thebanorum
1401 3330 1586 3376 consilia
1624 3342 1719 3387 per·
1780 3385 1867 3432 457
1930 3384 2037 3432 808

48 3511 50 3514 Ι
141 3395 839 3521 ἅζορῗιξηωςῗαυῐῗξὲωαοτοοεζὶωἰὶιπ
865 3449 996 3508 paulo
1026 3452 1127 3507 post
1147 3461 1347 3552 Xugnam
1378 3447 1690 3549 Tanagraearg.
1778 3503 1867 3551 4⁵6
1929 3502 1988 3550 80
2007 3504 2037 3549 4

51 3532 54 3541 ’
106 3508 908 3627 lA⁰532252211300039235322⁰⁰301ffl
916 3508 1719 3625 efflii’oedi'zffizzzffbgasssssxtsst

1931 3033 1992 3138 88
1933 2858 1991 2962 &3

2014 3034 2036 3148 ...-
2011 2859 2040 2961 -w-
