2392 4016
304 195 388 240 190

299 342 385 382 p.C.
459 352 496 374 u.
515 351 544 375 c.

300 504 388 548 390
451 505 564 548 1143

1070 197 1248 238 Annales
1277 198 1450 239 Romani

613 351 700 383 unp.
784 387 1042 444 Drepanius,
1074 389 1221 432 rhetor
1241 389 1586 446 Burdigalensis,
1615 392 1788 451 legatus
1814 392 2066 447 Galliarum,
2097 407 2227 451 pane-

785 447 984 502 gyricum
1015 447 1070 490 ad
1102 448 1266 491 Theod.
1300 449 1443 492 habet.

629 505 682 549 12
746 506 846 550 Cos.
863 506 1195 550 Valentinianus
1216 506 1330 563 Aug.
1348 508 1410 551 IV
1431 511 1475 551 et
1495 507 1761 564 Neoterius.)
1813 511 2228 555 Thessalonicenses

785 565 999 608 seditione
1030 565 1145 608 facta
1175 566 1474 621 Bothericum,
1513 569 1767 624 magistrum
1804 571 1988 613 militum
2020 585 2097 627 per
2127 571 2230 627 Illy-

783 625 935 677 ricum,
959 625 1175 678 occidunt,
1199 629 1460 682 quapropter
1481 626 1768 682 Theodosius,
1790 630 1984 673 barbaris
2006 631 2230 683 immissis,

784 696 1043 739 quamquam
1071 685 1372 740 impunitatem
1393 686 1664 741 promiserat,
1695 688 1827 744 vulgo
1860 689 1940 740 (ad
1971 688 2111 739 7000)
2144 692 2231 732 tru-

784 742 920 785 cidari
959 743 1093 786 iubet.
1171 743 1379 787 Suaserat
1418 759 1513 788 eam
1552 746 1730 789 caedem
1766 748 1965 802 Rufinus,
2011 752 2103 791 tum
2143 762 2230 790 ma-

783 802 920 857 gister
950 801 1204 846 officiorum.
1258 803 1367 847 Octo
1389 805 1612 848 mensibus
1633 809 1735 862 post
1765 819 1863 849 cum
1885 807 2047 850 Theod.
2071 807 2230 850 Medio-

784 861 930 903 lanum
960 862 1155 905 venisset
1185 862 1240 904 ad
1278 863 1390 906 diem
1424 863 1668 908 Servatoris
1709 867 1847 909 nostri
1886 867 2092 919 natalem,
2134 868 2231 908 Am-

786 921 942 962 brosius
989 933 1087 963 eum
1134 934 1160 963 a
1206 923 1507 966 communione
1557 936 1777 967 sacrorum
1822 926 2042 981 prohibet,
2090 938 2230 980 neque

783 979 904 1032 prius
937 978 1144 1032 admittit,
1188 992 1317 1035 quam
1353 982 1528 1037 publice
1560 995 1607 1025 se
1647 996 1858 1039 peccasse
1898 985 2125 1028 confessus
2158 985 2229 1036 sit,

784 1038 912 1091 atque
950 1037 1048 1092 lege
1088 1039 1303 1091 sanxerit,
1351 1052 1405 1082 ne
1449 1041 1658 1096 capitales
1698 1044 1938 1086 sententiae
1979 1047 2080 1087 ante
2117 1044 2230 1086 diem

782 1095 1055 1151 trigesimum
1085 1099 1206 1139 ratae
1239 1098 1339 1140 sint.
1401 1096 1525 1150 (Vid.
1559 1099 1614 1142 ad
1636 1100 1800 1143 Theod.
1824 1102 1919 1144 cod.
1940 1102 2021 1154 IX,
2045 1103 2117 1155 40,
2143 1101 2229 1153 13.)

299 1152 383 1196 391
453 1152 569 1196 1144
632 1155 685 1198 13
749 1154 850 1197 Cos.
873 1154 1084 1198 Tatianus
1117 1158 1161 1198 et
1183 1155 1232 1207 Q.
1253 1155 1457 1200 Aurelius
1481 1157 1768 1213 Symmachus
1789 1159 2038 1213 Eusebius.)
2091 1161 2231 1203 Theo-

297 1627 383 1671 392
448 1628 561 1672 1145

299 2158 386 2202 393
451 2159 564 2201 1146

299 2681 385 2733 394
450 2690 561 2733 1147

297 3103 384 3148 395
449 3104 562 3148 1148

782 1213 931 1256 dosius
963 1227 1063 1256 cum
1093 1215 1400 1259 Valentiniano
1441 1217 1576 1260 totius
1611 1217 1860 1261 Occidentis
1899 1219 2126 1274 imperium
2165 1233 2230 1262 re-

784 1273 1014 1326 stituisset,
1045 1274 1288 1317 Mediolano
1313 1274 1737 1332 Constantinopolim
1770 1277 1824 1320 10
1844 1277 1954 1320 Nov.
1986 1279 2230 1331 revertitur,

783 1335 912 1387 atque
930 1332 985 1374 ad
1006 1334 1236 1388 segnitiem
1257 1335 1476 1390 vitamque
1498 1335 1727 1378 delicatam
1747 1337 1967 1380 relabitur.
2005 1337 2232 1391 Sacrificio

783 1394 827 1434 et
857 1392 1000 1434 cultus
1031 1392 1245 1435 idolorum
1268 1393 1409 1437 denuo
1441 1394 1596 1437 edictis
1615 1397 1891 1450 prohibentur.
1941 1395 2231 1439 Alexandriae

785 1451 928 1493 cultus
951 1451 1142 1504 deorum,
1173 1451 1351 1508 Serapio
1381 1457 1630 1510 expugnato
1663 1467 1713 1497 ac
1746 1455 1982 1509 destructo,
2015 1457 2233 1512 extingui-

782 1512 852 1552 tur
884 1532 942 1538 —
973 1510 1051 1553 sed
1081 1512 1270 1554 maximo
1300 1513 1366 1555 rei
1396 1513 1631 1556 litterariae
1663 1514 1943 1568 detrimento,
1986 1515 2103 1571 quod
2132 1515 2233 1558 libri

784 1569 888 1611 olim
920 1569 1095 1612 collecti
1125 1571 1250 1613 multi
1282 1573 1375 1613 tum
1405 1572 1676 1615 interierunt.
2181 1584 2185 1586 ’

635 1628 689 1671 14
750 1627 938 1671 Arcadio
959 1627 1072 1684 Aug.
1095 1629 1139 1671 II
1170 1631 1214 1672 et
1232 1630 1299 1672 Fl.
1322 1630 1480 1673 Rufino
1513 1644 1602 1674 cos.
1625 1631 1973 1685 Valentinianus,
2005 1633 2230 1688 imperitus

781 1687 966 1739 iuvenis,
999 1687 1224 1731 duodevic.
1257 1690 1359 1745 imp.
1383 1703 1495 1732 anno
1526 1691 1572 1733 in
1597 1690 1784 1734 Galliam
1805 1691 2042 1747 profectus,
2075 1693 2128 1735 ab
2149 1693 2231 1734 Ar-

787 1744 1145 1800 boyasteOOmite,
1168 1747 1340 1790 homine
1361 1750 1532 1804 potenti
1553 1752 1682 1805 atque
1703 1751 1947 1804 ambitioso,
1969 1752 2016 1794 in
2036 1751 2232 1794 ordinem

781 1817 919 1860 paene
941 1805 1165 1861 redigitur,
1201 1819 1383 1862 cumque
1405 1808 1471 1850 illi
1490 1809 1695 1851 resistere
1717 1822 1849 1852 ausus
1873 1813 2004 1863 esset,
2036 1810 2231 1853 Viennae

781 1863 909 1916 (Maii
949 1862 1041 1914 15.)
1082 1865 1236 1920 laqueo
1283 1866 1556 1909 interficitur.
1630 1866 1898 1924 Arbogastes
1946 1866 2231 1922 Eucumuni,

780 1923 1038 1979 magistrum
1067 1923 1332 1978 officiorum,
1363 1926 1605 1969 litterarum
1636 1927 1794 1970 studiis
1810 1928 2012 1980 clarum,
2047 1928 2232 1984 impera-

783 1985 921 2024 torem
943 1982 1063 2038 legit,
1096 1984 1176 2026 sub
1200 1985 1292 2027 eius
1315 1986 1489 2028 nomine
1510 1986 1606 2042 ipse
1626 1986 1930 2042 imperaturus.
1982 1987 2033 2030 In
2055 1987 2230 2030 Oriente

783 2040 965 2084 Rufinus
1016 2054 1106 2085 cos.
1147 2043 1202 2085 ad
1247 2043 1562 2099 praefecturam
1607 2048 1743 2101 praet.
1787 2046 1974 2089 Orientis
2022 2047 2230 2099 evehitur,

784 2100 952 2142 deiecto
986 2101 1185 2155 Tatiano,
1218 2104 1444 2158 gentilium
1476 2104 1717 2147 defensore.

629 2158 683 2202 15
746 2159 992 2202 Theodosio
1023 2160 1135 2216 Aug.
1158 2161 1222 2203 III
1255 2164 1299 2204 et
1328 2162 1605 2206 Abundantio
1639 2163 1860 2219 (Eugenio
1891 2162 2230 2216 inOccidente)

784 2231 874 2261 cos.
905 2220 1101 2274 tyranni,
1152 2221 1326 2263 auxiliis
1365 2222 1631 2264 Francorum
1670 2226 1714 2273 et
1750 2223 2088 2266 Alemannorum
2130 2236 2230 2266 con-

783 2277 941 2330 ductis,
972 2276 1146 2333 Alpium
1179 2280 1420 2333 angustias,
1453 2282 1610 2335 quibus
1643 2281 1769 2323 Italia
1801 2295 1855 2324 ex
1884 2282 2110 2324 Pannonia
2141 2282 2230 2324 adi-

783 2340 867 2389 tur,
897 2336 1033 2379 firmis
1054 2338 1285 2392 praesidiis
1310 2342 1537 2395 occupant.
1598 2339 1743 2382 Etiam
1766 2341 2037 2383 Theodosius
2068 2341 2229 2384 bellum

783 2398 920 2450 parat,
953 2395 1161 2439 Romanis
1194 2399 1457 2441 exercitibus
1491 2399 1582 2442 suis
1617 2399 1858 2442 Timasium
1891 2402 1935 2442 et
1964 2400 2230 2442 Stilichonem

784 2455 1051 2508 Vandalum,
1084 2455 1294 2509 Serenae,
1334 2457 1479 2500 fratris
1513 2458 1581 2500 sui
1610 2457 1749 2510 filiae,
1781 2459 2003 2511 maritum,
2035 2460 2229 2502 barbaris

780 2513 1013 2556 foederatis
1051 2514 1227 2557 Gainam
1269 2518 1312 2558 et
1352 2516 1531 2560 Saulum
1569 2516 1780 2573 praeficit.
1849 2517 2111 2571 Honorium,
2153 2519 2230 2560 mi-

782 2585 932 2615 norem
962 2572 1098 2615 filium
1130 2587 1270 2625 suum,
1301 2589 1484 2631 puerum
1508 2576 1563 2619 10
1593 2589 1816 2630 annorum,
1847 2575 2094 2634 Augustum
2124 2575 2231 2631 (for-

781 2635 900 2675 tasse
931 2632 1023 2674 Ian.
1058 2632 1152 2683 10.)
1185 2633 1388 2677 declarat.

627 2691 681 2734 16
747 2690 934 2734 Arcadio
958 2691 1024 2734 III
1056 2694 1100 2734 et
1119 2692 1312 2736 Honorio
1334 2694 1378 2736 II
1398 2692 1542 2750 Augg.
1565 2706 1655 2737 cos.
1676 2707 1826 2737 mense
1845 2695 1957 2737 Maio
1982 2694 2228 2738 Constanti-

785 2750 933 2806 nopoli
963 2754 1109 2793 movet
1131 2751 1310 2806 Theod.,
1342 2754 1500 2795 acriter
1530 2754 1746 2808 utrimque
1778 2757 2009 2810 pugnatur,
2041 2754 2229 2796 vincitur

781 2809 955 2851 tandem
987 2809 1040 2851 ad
1069 2811 1296 2866 Frigidum
1338 2825 1508 2855 amnem
1537 2825 1672 2868 prope
1703 2812 1948 2868 Aquileiam
1981 2813 2127 2869 (Sept.
2162 2813 2228 2864 6.)

780 2868 1004 2924 Eugenius
1037 2871 1164 2925 atque
1195 2870 1467 2924 interficitur,
1499 2870 1768 2928 Arbogastes
1802 2875 1939 2915 semet
1969 2873 2064 2928 ipse
2096 2873 2228 2914 inter-

781 2928 889 2970 imit.
955 2926 1098 2980 Gildo,
1128 2928 1301 2972 Africae
1335 2930 1492 2973 Comes
1525 2933 1569 2973 et
1597 2931 1734 2973 Firmi
1763 2930 1895 2974 frater
1928 2931 2006 2982 (cf.
2041 2945 2078 2973 a.
2101 2930 2228 2983 372),

781 2987 976 3042 utrisque
1009 2987 1218 3030 auxilium
1258 2989 1513 3045 denegarat,
1548 2990 1771 3032 occasioni
1799 2991 2016 3043 intentus,
2049 3002 2228 3045 eamque

780 3046 1047 3101 provinciam
1079 3058 1158 3088 suo
1191 3049 1375 3090 consilio
1407 3061 1559 3104 regere
1590 3049 1746 3104 pergit.

626 3105 679 3148 17
742 3105 831 3148 Sed
851 3105 980 3160 paulo
1000 3108 1232 3161 postquam
1254 3107 1373 3149 solus
1404 3120 1548 3149 rerum
1570 3107 1768 3150 dominus
1799 3107 1940 3150 factus
1974 3110 2055 3160 est,
2090 3107 2228 3150 Theo-

782 3164 931 3207 dosius
962 3164 1195 3207 Mediolani
1225 3169 1406 3209 mortem
1437 3167 1529 3209 obit
1560 3164 1676 3219 (Ian.
1711 3166 1797 3217 17.)
1830 3179 1920 3209 cos.
1942 3167 2088 3209 Anicio
2120 3167 2229 3208 Her-

780 3225 1015 3278 moyeniano
1053 3224 1220 3280 Olybrio
1261 3228 1305 3268 et
1333 3226 1480 3268 Anicio
1510 3226 1713 3279 Probino,
1751 3225 1956 3268 fratribus
1997 3226 2228 3282 germanis,

781 3282 882 3324 filiis
905 3282 1035 3324 Probi
1067 3295 1156 3326 cos.
1183 3297 1220 3326 a.
1244 3283 1327 3327 371
1361 3283 1487 3340 (quos
1513 3283 1778 3327 Claudianus
1807 3285 1938 3340 pocta
1967 3285 2105 3340 primo
2137 3297 2228 3327 car-

782 3342 897 3383 mine
930 3341 1151 3393 celebrat).
1213 3343 1466 3399 Imperium,
1500 3343 1862 3398 quemadmodum
1893 3344 1987 3400 ipse
2019 3344 2228 3395 voluerat,

784 3399 1005 3452 dividitur,
1036 3414 1175 3456 neque
1209 3415 1264 3445 ex
1297 3415 1347 3445 eo
1377 3403 1478 3445 inde
1509 3405 1703 3459 tempore
1735 3403 1811 3446 uni
1840 3405 1975 3459 paret.
