<?xml version="1.0" encoding="UTF-8"?>
<!DOCTYPE html PUBLIC "-//W3C//DTD XHTML 1.0 Transitional//EN"
    "http://www.w3.org/TR/xhtml1/DTD/xhtml1-transitional.dtd">
<html xmlns="http://www.w3.org/1999/xhtml" xml:lang="en" lang="en">
 <head>
  <title>
</title>
<meta http-equiv="Content-Type" content="text/html;charset=utf-8" />
  <meta name='ocr-system' content='tesseract 3.04.00' />
  <meta name='ocr-capabilities' content='ocr_page ocr_carea ocr_par ocr_line ocrx_word'/>
</head>
<body>
  <div class='ocr_page' id='page_1' title='image "annalesveterumre00zumpuoft_0009.png"; bbox 0 0 2392 4016; ppageno 0'>
   <div class='ocr_carea' id='block_1_1' title="bbox 865 1055 1408 1126">
    <p class='ocr_par' dir='ltr' id='par_1_1' title="bbox 865 1055 1408 1126">
     <span class='ocr_line' id='line_1_1' title="bbox 865 1055 1408 1126; baseline 0 -3"><span class='ocrx_word' id='word_1_1' title='bbox 865 1055 1408 1126; x_wconf 88' lang='lat' dir='ltr'><strong>PRAEFATIO.</strong></span> 
     </span>
    </p>
   </div>
   <div class='ocr_carea' id='block_1_2' title="bbox 1003 1247 1254 1254">
    <p class='ocr_par' dir='ltr' id='par_1_2' title="bbox 1003 1247 1254 1254">
     <span class='ocr_line' id='line_1_2' title="bbox 1003 1247 1254 1254; baseline 0 -2"><span class='ocrx_word' id='word_1_2' title='bbox 1003 1247 1254 1254; x_wconf 75' lang='lat'>——-——-</span> 
     </span>
    </p>
   </div>
   <div class='ocr_carea' id='block_1_3' title="bbox 157 1353 2098 3605">
    <p class='ocr_par' dir='ltr' id='par_1_3' title="bbox 157 1353 2098 3605">
     <span class='ocr_line' id='line_1_3' title="bbox 249 1353 2096 1446; baseline -0.001 -16"><span class='ocrx_word' id='word_1_3' title='bbox 249 1353 396 1431; x_wconf 82' lang='lat' dir='ltr'>Etsi</span> <span class='ocrx_word' id='word_1_4' title='bbox 434 1373 580 1427; x_wconf 90' lang='lat' dir='ltr'>hunc</span> <span class='ocrx_word' id='word_1_5' title='bbox 615 1372 813 1427; x_wconf 91' lang='lat' dir='ltr'>librum</span> <span class='ocrx_word' id='word_1_6' title='bbox 850 1372 928 1426; x_wconf 90' lang='lat' dir='ltr'>ita</span> <span class='ocrx_word' id='word_1_7' title='bbox 967 1380 1334 1444; x_wconf 91' lang='lat' dir='ltr'>comparatum</span> <span class='ocrx_word' id='word_1_8' title='bbox 1373 1393 1491 1428; x_wconf 87' lang='lat' dir='ltr'>esse</span> <span class='ocrx_word' id='word_1_9' title='bbox 1517 1374 1781 1446; x_wconf 86' lang='lat' dir='ltr'>intelligo,</span> <span class='ocrx_word' id='word_1_10' title='bbox 1819 1381 1882 1427; x_wconf 91' lang='lat' dir='ltr'>ut</span> <span class='ocrx_word' id='word_1_11' title='bbox 1921 1374 2096 1442; x_wconf 86' lang='lat' dir='ltr'>facile,</span> 
     </span>
     <span class='ocr_line' id='line_1_4' title="bbox 163 1458 2098 1532; baseline -0.001 -18"><span class='ocrx_word' id='word_1_12' title='bbox 163 1460 311 1532; x_wconf 92' lang='lat' dir='ltr'>quod</span> <span class='ocrx_word' id='word_1_13' title='bbox 347 1461 580 1514; x_wconf 90' lang='lat' dir='ltr'>auctoris</span> <span class='ocrx_word' id='word_1_14' title='bbox 618 1460 675 1513; x_wconf 91' lang='lat' dir='ltr'>in</span> <span class='ocrx_word' id='word_1_15' title='bbox 714 1478 777 1512; x_wconf 87' lang='lat' dir='ltr'>eo</span> <span class='ocrx_word' id='word_1_16' title='bbox 816 1458 1103 1513; x_wconf 90' lang='lat' dir='ltr'>scribendo</span> <span class='ocrx_word' id='word_1_17' title='bbox 1144 1459 1429 1513; x_wconf 90' lang='lat' dir='ltr'>consilium</span> <span class='ocrx_word' id='word_1_18' title='bbox 1465 1460 1647 1528; x_wconf 89' lang='lat' dir='ltr'>fuerit,</span> <span class='ocrx_word' id='word_1_19' title='bbox 1688 1466 1969 1531; x_wconf 82' lang='lat' dir='ltr'>appareat,</span> <span class='ocrx_word' id='word_1_20' title='bbox 2015 1468 2098 1513; x_wconf 91' lang='lat' dir='ltr'>ta-</span> 
     </span>
     <span class='ocr_line' id='line_1_5' title="bbox 161 1544 2098 1616; baseline -0.002 -15"><span class='ocrx_word' id='word_1_21' title='bbox 161 1565 303 1616; x_wconf 87' lang='lat' dir='ltr'><strong>men,</strong></span> <span class='ocrx_word' id='word_1_22' title='bbox 339 1564 409 1599; x_wconf 91' lang='lat' dir='ltr'>ne</span> <span class='ocrx_word' id='word_1_23' title='bbox 447 1544 579 1615; x_wconf 92' lang='lat' dir='ltr'>quid</span> <span class='ocrx_word' id='word_1_24' title='bbox 616 1564 857 1599; x_wconf 86' lang='lat' dir='ltr'>mearum</span> <span class='ocrx_word' id='word_1_25' title='bbox 893 1545 1127 1615; x_wconf 88' lang='lat' dir='ltr'>partium</span> <span class='ocrx_word' id='word_1_26' title='bbox 1167 1545 1430 1613; x_wconf 92' lang='lat' dir='ltr'>omittam,</span> <span class='ocrx_word' id='word_1_27' title='bbox 1468 1563 1660 1616; x_wconf 89' lang='lat' dir='ltr'>pauca,</span> <span class='ocrx_word' id='word_1_28' title='bbox 1699 1564 1836 1615; x_wconf 91' lang='lat' dir='ltr'>quae</span> <span class='ocrx_word' id='word_1_29' title='bbox 1877 1544 1947 1598; x_wconf 90' lang='lat' dir='ltr'>ad</span> <span class='ocrx_word' id='word_1_30' title='bbox 1972 1565 2098 1599; x_wconf 87' lang='lat' dir='ltr'>ean-</span> 
     </span>
     <span class='ocr_line' id='line_1_6' title="bbox 160 1629 2097 1702; baseline -0.001 -15"><span class='ocrx_word' id='word_1_31' title='bbox 160 1632 283 1687; x_wconf 86' lang='lat' dir='ltr'>dem</span> <span class='ocrx_word' id='word_1_32' title='bbox 319 1651 434 1686; x_wconf 87' lang='lat' dir='ltr'>rem</span> <span class='ocrx_word' id='word_1_33' title='bbox 478 1632 810 1702; x_wconf 88' lang='lat' dir='ltr'>pertineant,</span> <span class='ocrx_word' id='word_1_34' title='bbox 860 1629 1114 1685; x_wconf 86' lang='lat' dir='ltr'>videntur</span> <span class='ocrx_word' id='word_1_35' title='bbox 1159 1649 1276 1685; x_wconf 90' lang='lat' dir='ltr'>esse</span> <span class='ocrx_word' id='word_1_36' title='bbox 1323 1631 1732 1702; x_wconf 89' lang='lat' dir='ltr'>praemittenda.</span> <span class='ocrx_word' id='word_1_37' title='bbox 1809 1631 1884 1685; x_wconf 89' lang='lat' dir='ltr'>Et</span> <span class='ocrx_word' id='word_1_38' title='bbox 1922 1633 2097 1686; x_wconf 88' lang='lat' dir='ltr'>consi-</span> 
     </span>
     <span class='ocr_line' id='line_1_7' title="bbox 157 1716 2098 1789; baseline -0.002 -15"><span class='ocrx_word' id='word_1_39' title='bbox 157 1720 291 1774; x_wconf 91' lang='lat' dir='ltr'>lium</span> <span class='ocrx_word' id='word_1_40' title='bbox 328 1716 547 1789; x_wconf 86' lang='lat' dir='ltr'>quidem</span> <span class='ocrx_word' id='word_1_41' title='bbox 583 1717 776 1772; x_wconf 90' lang='lat' dir='ltr'>horum</span> <span class='ocrx_word' id='word_1_42' title='bbox 813 1719 1098 1771; x_wconf 78' lang='lat' dir='ltr'>Annalium</span> <span class='ocrx_word' id='word_1_43' title='bbox 1134 1717 1247 1771; x_wconf 87' lang='lat' dir='ltr'>sive</span> <span class='ocrx_word' id='word_1_44' title='bbox 1285 1718 1663 1772; x_wconf 82' lang='lat' dir='ltr'>Chronicorum</span> <span class='ocrx_word' id='word_1_45' title='bbox 1701 1718 2098 1788; x_wconf 88' lang='lat' dir='ltr'>componendo-</span> 
     </span>
     <span class='ocr_line' id='line_1_8' title="bbox 158 1803 2095 1876; baseline -0.001 -16"><span class='ocrx_word' id='word_1_46' title='bbox 158 1825 278 1860; x_wconf 88' lang='lat' dir='ltr'>rum</span> <span class='ocrx_word' id='word_1_47' title='bbox 317 1825 384 1860; x_wconf 87' lang='lat' dir='ltr'>ex</span> <span class='ocrx_word' id='word_1_48' title='bbox 423 1824 486 1859; x_wconf 89' lang='lat' dir='ltr'>eo</span> <span class='ocrx_word' id='word_1_49' title='bbox 524 1805 657 1859; x_wconf 84' lang='lat' dir='ltr'>mihi</span> <span class='ocrx_word' id='word_1_50' title='bbox 694 1812 882 1864; x_wconf 92' lang='lat' dir='ltr'>natum</span> <span class='ocrx_word' id='word_1_51' title='bbox 922 1812 1023 1873; x_wconf 90' lang='lat' dir='ltr'>est,</span> <span class='ocrx_word' id='word_1_52' title='bbox 1062 1803 1210 1875; x_wconf 92' lang='lat' dir='ltr'>quod</span> <span class='ocrx_word' id='word_1_53' title='bbox 1248 1805 1537 1876; x_wconf 79' lang='lat' dir='ltr'>scriptores</span> <span class='ocrx_word' id='word_1_54' title='bbox 1578 1805 1827 1874; x_wconf 89' lang='lat' dir='ltr'>antiquos</span> <span class='ocrx_word' id='word_1_55' title='bbox 1854 1804 2095 1859; x_wconf 89' lang='lat' dir='ltr'>studiose</span> 
     </span>
     <span class='ocr_line' id='line_1_9' title="bbox 160 1891 2096 1965; baseline -0.001 -18"><span class='ocrx_word' id='word_1_56' title='bbox 160 1892 410 1947; x_wconf 83' lang='lat' dir='ltr'>evolvens</span> <span class='ocrx_word' id='word_1_57' title='bbox 460 1901 515 1948; x_wconf 91' lang='lat' dir='ltr'>et</span> <span class='ocrx_word' id='word_1_58' title='bbox 559 1893 859 1964; x_wconf 83' lang='lat' dir='ltr'>dispersam</span> <span class='ocrx_word' id='word_1_59' title='bbox 905 1912 1085 1946; x_wconf 90' lang='lat' dir='ltr'>rerum</span> <span class='ocrx_word' id='word_1_60' title='bbox 1135 1899 1410 1965; x_wconf 85' lang='lat' dir='ltr'>gestarum</span> <span class='ocrx_word' id='word_1_61' title='bbox 1458 1892 1767 1946; x_wconf 82' lang='lat' dir='ltr'>memoriam</span> <span class='ocrx_word' id='word_1_62' title='bbox 1817 1891 2096 1964; x_wconf 78' lang='lat' dir='ltr'>colligenS,</span> 
     </span>
     <span class='ocr_line' id='line_1_10' title="bbox 158 1977 2095 2051; baseline -0.001 -18"><span class='ocrx_word' id='word_1_63' title='bbox 158 1979 322 2034; x_wconf 91' lang='lat' dir='ltr'>talem</span> <span class='ocrx_word' id='word_1_64' title='bbox 345 1979 543 2035; x_wconf 90' lang='lat' dir='ltr'>librum</span> <span class='ocrx_word' id='word_1_65' title='bbox 567 1999 728 2051; x_wconf 87' lang='lat' dir='ltr'>saepe</span> <span class='ocrx_word' id='word_1_66' title='bbox 754 1979 1146 2048; x_wconf 89' lang='lat' dir='ltr'>desiderabam,</span> <span class='ocrx_word' id='word_1_67' title='bbox 1182 1980 1239 2033; x_wconf 91' lang='lat' dir='ltr'>in</span> <span class='ocrx_word' id='word_1_68' title='bbox 1266 1999 1374 2050; x_wconf 92' lang='lat' dir='ltr'>quo</span> <span class='ocrx_word' id='word_1_69' title='bbox 1398 1987 1661 2051; x_wconf 89' lang='lat' dir='ltr'>tempora,</span> <span class='ocrx_word' id='word_1_70' title='bbox 1699 1977 1915 2049; x_wconf 90' lang='lat' dir='ltr'>quando</span> <span class='ocrx_word' id='word_1_71' title='bbox 1940 1977 2095 2047; x_wconf 91' lang='lat' dir='ltr'>quid-</span> 
     </span>
     <span class='ocr_line' id='line_1_11' title="bbox 161 2066 2095 2138; baseline -0.001 -18"><span class='ocrx_word' id='word_1_72' title='bbox 161 2085 266 2137; x_wconf 89' lang='lat' dir='ltr'>que</span> <span class='ocrx_word' id='word_1_73' title='bbox 313 2074 527 2138; x_wconf 86' lang='lat' dir='ltr'>gestum</span> <span class='ocrx_word' id='word_1_74' title='bbox 577 2074 747 2134; x_wconf 90' lang='lat' dir='ltr'>esset,</span> <span class='ocrx_word' id='word_1_75' title='bbox 793 2072 1045 2119; x_wconf 87' lang='lat' dir='ltr'>accurate</span> <span class='ocrx_word' id='word_1_76' title='bbox 1089 2072 1276 2120; x_wconf 91' lang='lat' dir='ltr'>notata</span> <span class='ocrx_word' id='word_1_77' title='bbox 1322 2067 1711 2136; x_wconf 80' lang='lat' dir='ltr'>reperirentur,</span> <span class='ocrx_word' id='word_1_78' title='bbox 1760 2074 1814 2118; x_wconf 88' lang='lat' dir='ltr'>et</span> <span class='ocrx_word' id='word_1_79' title='bbox 1857 2066 2095 2135; x_wconf 91' lang='lat' dir='ltr'>ipsarum</span> 
     </span>
     <span class='ocr_line' id='line_1_12' title="bbox 160 2150 2090 2223; baseline -0.001 -17"><span class='ocrx_word' id='word_1_80' title='bbox 160 2171 339 2206; x_wconf 89' lang='lat' dir='ltr'>rerum</span> <span class='ocrx_word' id='word_1_81' title='bbox 377 2151 510 2205; x_wconf 95' lang='lat' dir='ltr'>ordo</span> <span class='ocrx_word' id='word_1_82' title='bbox 549 2153 627 2205; x_wconf 91' lang='lat' dir='ltr'>ita</span> <span class='ocrx_word' id='word_1_83' title='bbox 664 2152 963 2223; x_wconf 87' lang='lat' dir='ltr'>explicatus</span> <span class='ocrx_word' id='word_1_84' title='bbox 1001 2158 1162 2219; x_wconf 89' lang='lat' dir='ltr'>esset,</span> <span class='ocrx_word' id='word_1_85' title='bbox 1199 2158 1262 2204; x_wconf 89' lang='lat' dir='ltr'>ut</span> <span class='ocrx_word' id='word_1_86' title='bbox 1287 2150 1462 2204; x_wconf 84' lang='lat' dir='ltr'>sicubi</span> <span class='ocrx_word' id='word_1_87' title='bbox 1489 2150 1620 2220; x_wconf 91' lang='lat' dir='ltr'>quid</span> <span class='ocrx_word' id='word_1_88' title='bbox 1645 2151 1916 2221; x_wconf 83' lang='lat' dir='ltr'>copiosius</span> <span class='ocrx_word' id='word_1_89' title='bbox 1943 2170 2090 2204; x_wconf 90' lang='lat' dir='ltr'>enar-</span> 
     </span>
     <span class='ocr_line' id='line_1_13' title="bbox 159 2237 2093 2310; baseline -0.001 -18"><span class='ocrx_word' id='word_1_90' title='bbox 159 2244 335 2292; x_wconf 90' lang='lat' dir='ltr'>ratum</span> <span class='ocrx_word' id='word_1_91' title='bbox 371 2238 644 2310; x_wconf 87' lang='lat' dir='ltr'>legissem,</span> <span class='ocrx_word' id='word_1_92' title='bbox 690 2237 946 2291; x_wconf 90' lang='lat' dir='ltr'>haberem</span> <span class='ocrx_word' id='word_1_93' title='bbox 985 2255 1092 2307; x_wconf 91' lang='lat' dir='ltr'>quo</span> <span class='ocrx_word' id='word_1_94' title='bbox 1132 2245 1279 2291; x_wconf 89' lang='lat' dir='ltr'>certo</span> <span class='ocrx_word' id='word_1_95' title='bbox 1318 2238 1438 2291; x_wconf 91' lang='lat' dir='ltr'>loco</span> <span class='ocrx_word' id='word_1_96' title='bbox 1475 2238 1746 2293; x_wconf 89' lang='lat' dir='ltr'>referrem.</span> <span class='ocrx_word' id='word_1_97' title='bbox 1810 2237 2093 2292; x_wconf 88' lang='lat' dir='ltr'>Eiusmodi</span> 
     </span>
     <span class='ocr_line' id='line_1_14' title="bbox 157 2323 2095 2396; baseline -0.001 -17"><span class='ocrx_word' id='word_1_98' title='bbox 157 2323 428 2396; x_wconf 87' lang='lat' dir='ltr'>praesidia</span> <span class='ocrx_word' id='word_1_99' title='bbox 484 2323 554 2378; x_wconf 91' lang='lat' dir='ltr'>ad</span> <span class='ocrx_word' id='word_1_100' title='bbox 602 2324 882 2379; x_wconf 87' lang='lat' dir='ltr'>historiam</span> <span class='ocrx_word' id='word_1_101' title='bbox 932 2323 1247 2378; x_wconf 90' lang='lat' dir='ltr'>discendam</span> <span class='ocrx_word' id='word_1_102' title='bbox 1294 2324 1521 2378; x_wconf 89' lang='lat' dir='ltr'>maiores</span> <span class='ocrx_word' id='word_1_103' title='bbox 1568 2325 1739 2378; x_wconf 89' lang='lat' dir='ltr'>nostri</span> <span class='ocrx_word' id='word_1_104' title='bbox 1785 2325 1955 2378; x_wconf 89' lang='lat' dir='ltr'>multa</span> <span class='ocrx_word' id='word_1_105' title='bbox 2001 2325 2095 2378; x_wconf 92' lang='lat' dir='ltr'>ha-</span> 
     </span>
     <span class='ocr_line' id='line_1_15' title="bbox 157 2408 2095 2481; baseline 0.001 -17"><span class='ocrx_word' id='word_1_106' title='bbox 157 2410 409 2479; x_wconf 90' lang='lat' dir='ltr'>buerunt,</span> <span class='ocrx_word' id='word_1_107' title='bbox 447 2409 546 2464; x_wconf 85' lang='lat' dir='ltr'>sed</span> <span class='ocrx_word' id='word_1_108' title='bbox 582 2410 704 2464; x_wconf 87' lang='lat' dir='ltr'>illos</span> <span class='ocrx_word' id='word_1_109' title='bbox 742 2410 910 2465; x_wconf 90' lang='lat' dir='ltr'>libros</span> <span class='ocrx_word' id='word_1_110' title='bbox 948 2408 1201 2464; x_wconf 88' lang='lat' dir='ltr'>videbam</span> <span class='ocrx_word' id='word_1_111' title='bbox 1238 2411 1435 2481; x_wconf 89' lang='lat' dir='ltr'>partim</span> <span class='ocrx_word' id='word_1_112' title='bbox 1473 2411 1698 2464; x_wconf 88' lang='lat' dir='ltr'>aliarum</span> <span class='ocrx_word' id='word_1_113' title='bbox 1722 2430 1900 2464; x_wconf 92' lang='lat' dir='ltr'>rerum</span> <span class='ocrx_word' id='word_1_114' title='bbox 1933 2430 2095 2480; x_wconf 88' lang='lat' dir='ltr'>quae-</span> 
     </span>
     <span class='ocr_line' id='line_1_16' title="bbox 159 2496 2093 2569; baseline 0 -18"><span class='ocrx_word' id='word_1_115' title='bbox 159 2497 424 2552; x_wconf 89' lang='lat' dir='ltr'>stionibus</span> <span class='ocrx_word' id='word_1_116' title='bbox 472 2497 804 2568; x_wconf 85' lang='lat' dir='ltr'>interpositis</span> <span class='ocrx_word' id='word_1_117' title='bbox 855 2496 925 2551; x_wconf 86' lang='lat' dir='ltr'>ad</span> <span class='ocrx_word' id='word_1_118' title='bbox 970 2497 1248 2569; x_wconf 86' lang='lat' dir='ltr'>ingentem</span> <span class='ocrx_word' id='word_1_119' title='bbox 1295 2497 1722 2569; x_wconf 84' lang='lat' dir='ltr'>magnitudinem</span> <span class='ocrx_word' id='word_1_120' title='bbox 1772 2498 2093 2565; x_wconf 82' lang='lat' dir='ltr'>excrevisse,</span> 
     </span>
     <span class='ocr_line' id='line_1_17' title="bbox 158 2583 2094 2656; baseline -0.001 -18"><span class='ocrx_word' id='word_1_121' title='bbox 158 2583 355 2654; x_wconf 90' lang='lat' dir='ltr'>partim</span> <span class='ocrx_word' id='word_1_122' title='bbox 393 2590 487 2638; x_wconf 88' lang='lat' dir='ltr'>aut</span> <span class='ocrx_word' id='word_1_123' title='bbox 525 2602 615 2638; x_wconf 88' lang='lat' dir='ltr'>eas</span> <span class='ocrx_word' id='word_1_124' title='bbox 642 2591 945 2656; x_wconf 91' lang='lat' dir='ltr'>temporum</span> <span class='ocrx_word' id='word_1_125' title='bbox 969 2585 1205 2638; x_wconf 89' lang='lat' dir='ltr'>rationes</span> <span class='ocrx_word' id='word_1_126' title='bbox 1231 2585 1402 2653; x_wconf 90' lang='lat' dir='ltr'>sequi,</span> <span class='ocrx_word' id='word_1_127' title='bbox 1441 2602 1575 2653; x_wconf 88' lang='lat' dir='ltr'>quas</span> <span class='ocrx_word' id='word_1_128' title='bbox 1602 2583 1762 2638; x_wconf 89' lang='lat' dir='ltr'>hodie</span> <span class='ocrx_word' id='word_1_129' title='bbox 1789 2603 1945 2638; x_wconf 86' lang='lat' dir='ltr'>nemo</span> <span class='ocrx_word' id='word_1_130' title='bbox 1970 2603 2094 2655; x_wconf 91' lang='lat' dir='ltr'>pro-</span> 
     </span>
     <span class='ocr_line' id='line_1_18' title="bbox 157 2668 2093 2741; baseline 0.001 -19"><span class='ocrx_word' id='word_1_131' title='bbox 157 2668 286 2724; x_wconf 89' lang='lat' dir='ltr'>bare</span> <span class='ocrx_word' id='word_1_132' title='bbox 332 2676 547 2740; x_wconf 87' lang='lat' dir='ltr'>posset,</span> <span class='ocrx_word' id='word_1_133' title='bbox 608 2677 702 2724; x_wconf 91' lang='lat' dir='ltr'>aut</span> <span class='ocrx_word' id='word_1_134' title='bbox 762 2670 981 2724; x_wconf 91' lang='lat' dir='ltr'>omnino</span> <span class='ocrx_word' id='word_1_135' title='bbox 1029 2689 1221 2741; x_wconf 90' lang='lat' dir='ltr'>parum</span> <span class='ocrx_word' id='word_1_136' title='bbox 1270 2677 1520 2723; x_wconf 89' lang='lat' dir='ltr'>accurate</span> <span class='ocrx_word' id='word_1_137' title='bbox 1572 2670 1908 2740; x_wconf 87' lang='lat' dir='ltr'>conscriptos</span> <span class='ocrx_word' id='word_1_138' title='bbox 1960 2689 2093 2725; x_wconf 87' lang='lat' dir='ltr'>esse.</span> 
     </span>
     <span class='ocr_line' id='line_1_19' title="bbox 159 2753 2094 2828; baseline 0 -18"><span class='ocrx_word' id='word_1_139' title='bbox 159 2753 616 2828; x_wconf 86' lang='lat' dir='ltr'>Compendiorum</span> <span class='ocrx_word' id='word_1_140' title='bbox 652 2775 809 2825; x_wconf 85' lang='lat' dir='ltr'>ver0,</span> <span class='ocrx_word' id='word_1_141' title='bbox 856 2775 993 2826; x_wconf 86' lang='lat' dir='ltr'>quae</span> <span class='ocrx_word' id='word_1_142' title='bbox 1032 2755 1192 2810; x_wconf 89' lang='lat' dir='ltr'>hodie</span> <span class='ocrx_word' id='word_1_143' title='bbox 1231 2776 1264 2810; x_wconf 90' lang='lat' dir='ltr'>a</span> <span class='ocrx_word' id='word_1_144' title='bbox 1301 2756 1514 2825; x_wconf 91' lang='lat' dir='ltr'>multis,</span> <span class='ocrx_word' id='word_1_145' title='bbox 1566 2758 1726 2810; x_wconf 89' lang='lat' dir='ltr'>etiam</span> <span class='ocrx_word' id='word_1_146' title='bbox 1766 2755 2094 2810; x_wconf 84' lang='lat' dir='ltr'>doctissimis</span> 
     </span>
     <span class='ocr_line' id='line_1_20' title="bbox 157 2841 2094 2915; baseline 0 -19"><span class='ocrx_word' id='word_1_147' title='bbox 157 2843 306 2911; x_wconf 84' lang='lat' dir='ltr'>viris,</span> <span class='ocrx_word' id='word_1_148' title='bbox 344 2843 547 2914; x_wconf 88' lang='lat' dir='ltr'>scripta</span> <span class='ocrx_word' id='word_1_149' title='bbox 581 2844 845 2912; x_wconf 88' lang='lat' dir='ltr'>feruntur,</span> <span class='ocrx_word' id='word_1_150' title='bbox 884 2844 1048 2898; x_wconf 91' lang='lat' dir='ltr'>alium</span> <span class='ocrx_word' id='word_1_151' title='bbox 1086 2842 1354 2913; x_wconf 87' lang='lat' dir='ltr'>quendam</span> <span class='ocrx_word' id='word_1_152' title='bbox 1380 2862 1537 2897; x_wconf 90' lang='lat' dir='ltr'>usum</span> <span class='ocrx_word' id='word_1_153' title='bbox 1564 2862 1680 2898; x_wconf 89' lang='lat' dir='ltr'>esse</span> <span class='ocrx_word' id='word_1_154' title='bbox 1706 2841 2094 2915; x_wconf 84' lang='lat' dir='ltr'>intelligebam,</span> 
     </span>
     <span class='ocr_line' id='line_1_21' title="bbox 159 2930 2095 3001; baseline -0.001 -18"><span class='ocrx_word' id='word_1_155' title='bbox 159 2947 387 3000; x_wconf 90' lang='lat' dir='ltr'>quorum</span> <span class='ocrx_word' id='word_1_156' title='bbox 436 2937 683 2986; x_wconf 87' lang='lat' dir='ltr'>auctores</span> <span class='ocrx_word' id='word_1_157' title='bbox 734 2949 857 2985; x_wconf 90' lang='lat' dir='ltr'>cum</span> <span class='ocrx_word' id='word_1_158' title='bbox 907 2932 963 2984; x_wconf 92' lang='lat' dir='ltr'>in</span> <span class='ocrx_word' id='word_1_159' title='bbox 1005 2950 1215 2986; x_wconf 88' lang='lat' dir='ltr'>summa</span> <span class='ocrx_word' id='word_1_160' title='bbox 1258 2930 1522 2984; x_wconf 87' lang='lat' dir='ltr'>brevitate</span> <span class='ocrx_word' id='word_1_161' title='bbox 1571 2938 1861 3001; x_wconf 86' lang='lat' dir='ltr'>perpetuae</span> <span class='ocrx_word' id='word_1_162' title='bbox 1912 2949 2095 2982; x_wconf 85' lang='lat' dir='ltr'>narra·</span> 
     </span>
     <span class='ocr_line' id='line_1_22' title="bbox 157 3014 2094 3090; baseline -0.001 -21"><span class='ocrx_word' id='word_1_163' title='bbox 157 3015 319 3070; x_wconf 88' lang='lat' dir='ltr'>tionis</span> <span class='ocrx_word' id='word_1_164' title='bbox 358 3015 462 3070; x_wconf 91' lang='lat' dir='ltr'>hoc</span> <span class='ocrx_word' id='word_1_165' title='bbox 497 3017 839 3088; x_wconf 90' lang='lat' dir='ltr'>potissimum</span> <span class='ocrx_word' id='word_1_166' title='bbox 875 3017 978 3071; x_wconf 91' lang='lat' dir='ltr'>sibi</span> <span class='ocrx_word' id='word_1_167' title='bbox 1016 3016 1287 3090; x_wconf 87' lang='lat' dir='ltr'>agendum</span> <span class='ocrx_word' id='word_1_168' title='bbox 1327 3017 1682 3084; x_wconf 88' lang='lat' dir='ltr'>censuissent,</span> <span class='ocrx_word' id='word_1_169' title='bbox 1732 3024 1793 3069; x_wconf 92' lang='lat' dir='ltr'>ut</span> <span class='ocrx_word' id='word_1_170' title='bbox 1830 3014 1975 3085; x_wconf 89' lang='lat' dir='ltr'>quod</span> <span class='ocrx_word' id='word_1_171' title='bbox 2014 3015 2094 3067; x_wconf 90' lang='lat' dir='ltr'>in-</span> 
     </span>
     <span class='ocr_line' id='line_1_23' title="bbox 158 3102 2094 3174; baseline 0 -19"><span class='ocrx_word' id='word_1_172' title='bbox 158 3102 394 3174; x_wconf 84' lang='lat' dir='ltr'>genium,</span> <span class='ocrx_word' id='word_1_173' title='bbox 433 3103 526 3172; x_wconf 90' lang='lat' dir='ltr'>qui</span> <span class='ocrx_word' id='word_1_174' title='bbox 562 3122 739 3158; x_wconf 88' lang='lat' dir='ltr'>mores</span> <span class='ocrx_word' id='word_1_175' title='bbox 777 3105 1038 3174; x_wconf 90' lang='lat' dir='ltr'>cuiusque</span> <span class='ocrx_word' id='word_1_176' title='bbox 1064 3104 1257 3158; x_wconf 89' lang='lat' dir='ltr'>aetatis</span> <span class='ocrx_word' id='word_1_177' title='bbox 1278 3102 1584 3156; x_wconf 90' lang='lat' dir='ltr'>hominibus</span> <span class='ocrx_word' id='word_1_178' title='bbox 1622 3103 1870 3170; x_wconf 88' lang='lat' dir='ltr'>fuissent,</span> <span class='ocrx_word' id='word_1_179' title='bbox 1914 3104 2094 3156; x_wconf 83' lang='lat' dir='ltr'>osten&#39;-</span> 
     </span>
     <span class='ocr_line' id='line_1_24' title="bbox 159 3186 2091 3261; baseline -0.001 -20"><span class='ocrx_word' id='word_1_180' title='bbox 159 3186 366 3256; x_wconf 87' lang='lat' dir='ltr'>derent,</span> <span class='ocrx_word' id='word_1_181' title='bbox 404 3187 472 3242; x_wconf 91' lang='lat' dir='ltr'>ab</span> <span class='ocrx_word' id='word_1_182' title='bbox 498 3188 602 3242; x_wconf 88' lang='lat' dir='ltr'>hac</span> <span class='ocrx_word' id='word_1_183' title='bbox 626 3195 930 3261; x_wconf 85' lang='lat' dir='ltr'>temporum</span> <span class='ocrx_word' id='word_1_184' title='bbox 957 3189 1317 3255; x_wconf 88' lang='lat' dir='ltr'>accuratione,</span> <span class='ocrx_word' id='word_1_185' title='bbox 1345 3206 1505 3257; x_wconf 89' lang='lat' dir='ltr'>quam</span> <span class='ocrx_word' id='word_1_186' title='bbox 1533 3187 1874 3259; x_wconf 84' lang='lat' dir='ltr'>quaerebam,</span> <span class='ocrx_word' id='word_1_187' title='bbox 1900 3187 2091 3241; x_wconf 83' lang='lat' dir='ltr'>remoti</span> 
     </span>
     <span class='ocr_line' id='line_1_25' title="bbox 160 3272 2094 3345; baseline 0 -19"><span class='ocrx_word' id='word_1_188' title='bbox 160 3281 328 3327; x_wconf 88' lang='lat' dir='ltr'>erant.</span> <span class='ocrx_word' id='word_1_189' title='bbox 401 3273 598 3344; x_wconf 88' lang='lat' dir='ltr'>Neque</span> <span class='ocrx_word' id='word_1_190' title='bbox 637 3294 764 3330; x_wconf 88' lang='lat' dir='ltr'>sane</span> <span class='ocrx_word' id='word_1_191' title='bbox 802 3276 907 3331; x_wconf 93' lang='lat' dir='ltr'>hoc</span> <span class='ocrx_word' id='word_1_192' title='bbox 943 3276 1051 3330; x_wconf 92' lang='lat' dir='ltr'>illis</span> <span class='ocrx_word' id='word_1_193' title='bbox 1090 3276 1222 3329; x_wconf 82' lang='lat' dir='ltr'>vitio</span> <span class='ocrx_word' id='word_1_194' title='bbox 1261 3275 1539 3343; x_wconf 87' lang='lat' dir='ltr'>verterim,</span> <span class='ocrx_word' id='word_1_195' title='bbox 1578 3275 1840 3345; x_wconf 68' lang='lat' dir='ltr'>‘quoniam</span> <span class='ocrx_word' id='word_1_196' title='bbox 1879 3272 2094 3327; x_wconf 83' lang='lat' dir='ltr'>diversa</span> 
     </span>
     <span class='ocr_line' id='line_1_26' title="bbox 161 3359 2094 3433; baseline -0.001 -20"><span class='ocrx_word' id='word_1_197' title='bbox 161 3360 440 3429; x_wconf 88' lang='lat' dir='ltr'>utriusque</span> <span class='ocrx_word' id='word_1_198' title='bbox 490 3361 569 3414; x_wconf 90' lang='lat' dir='ltr'>rei</span> <span class='ocrx_word' id='word_1_199' title='bbox 618 3362 842 3417; x_wconf 85' lang='lat' dir='ltr'>consilia</span> <span class='ocrx_word' id='word_1_200' title='bbox 887 3370 1042 3431; x_wconf 86' lang='lat' dir='ltr'>sunt,</span> <span class='ocrx_word' id='word_1_201' title='bbox 1092 3380 1228 3433; x_wconf 87' lang='lat' dir='ltr'>quae</span> <span class='ocrx_word' id='word_1_202' title='bbox 1277 3379 1386 3415; x_wconf 89' lang='lat' dir='ltr'>una</span> <span class='ocrx_word' id='word_1_203' title='bbox 1422 3362 1627 3415; x_wconf 89' lang='lat' dir='ltr'>ratione</span> <span class='ocrx_word' id='word_1_204' title='bbox 1667 3380 1774 3415; x_wconf 88' lang='lat' dir='ltr'>non</span> <span class='ocrx_word' id='word_1_205' title='bbox 1811 3359 1970 3413; x_wconf 84' lang='lat' dir='ltr'>facile</span> <span class='ocrx_word' id='word_1_206' title='bbox 2008 3376 2094 3412; x_wconf 85' lang='lat' dir='ltr'>as-</span> 
     </span>
     <span class='ocr_line' id='line_1_27' title="bbox 160 3444 2094 3518; baseline -0.001 -18"><span class='ocrx_word' id='word_1_207' title='bbox 160 3463 402 3515; x_wconf 87' lang='lat' dir='ltr'>sequare.</span> <span class='ocrx_word' id='word_1_208' title='bbox 476 3444 587 3500; x_wconf 90' lang='lat' dir='ltr'>Sed</span> <span class='ocrx_word' id='word_1_209' title='bbox 625 3454 825 3517; x_wconf 87' lang='lat' dir='ltr'>tamen,</span> <span class='ocrx_word' id='word_1_210' title='bbox 863 3465 985 3502; x_wconf 91' lang='lat' dir='ltr'>cum</span> <span class='ocrx_word' id='word_1_211' title='bbox 1026 3445 1080 3502; x_wconf 77' lang='lat' dir='ltr'>et</span> <span class='ocrx_word' id='word_1_212' title='bbox 1117 3448 1232 3518; x_wconf 89' lang='lat' dir='ltr'>ipse</span> <span class='ocrx_word' id='word_1_213' title='bbox 1272 3445 1466 3501; x_wconf 90' lang='lat' dir='ltr'>studiis</span> <span class='ocrx_word' id='word_1_214' title='bbox 1506 3446 1928 3502; x_wconf 89' lang='lat' dir='ltr'>adolescentium</span> <span class='ocrx_word' id='word_1_215' title='bbox 1968 3463 2094 3498; x_wconf 90' lang='lat' dir='ltr'>con-</span> 
     </span>
     <span class='ocr_line' id='line_1_28' title="bbox 159 3525 2067 3605; baseline -0.001 -20"><span class='ocrx_word' id='word_1_216' title='bbox 159 3531 334 3586; x_wconf 88' lang='lat' dir='ltr'>sulere</span> <span class='ocrx_word' id='word_1_217' title='bbox 372 3532 584 3602; x_wconf 87' lang='lat' dir='ltr'>vellem,</span> <span class='ocrx_word' id='word_1_218' title='bbox 622 3525 818 3604; x_wconf 74' lang='lat' dir='ltr'>q&#39;uibus</span> <span class='ocrx_word' id='word_1_219' title='bbox 857 3542 1046 3589; x_wconf 90' lang='lat' dir='ltr'>auctor</span> <span class='ocrx_word' id='word_1_220' title='bbox 1084 3552 1295 3605; x_wconf 85' lang='lat' dir='ltr'>semper</span> <span class='ocrx_word' id='word_1_221' title='bbox 1332 3533 1571 3604; x_wconf 86' lang='lat' dir='ltr'>fuissem,</span> <span class='ocrx_word' id='word_1_222' title='bbox 1621 3542 1681 3588; x_wconf 93' lang='lat' dir='ltr'>ut</span> <span class='ocrx_word' id='word_1_223' title='bbox 1719 3531 1945 3587; x_wconf 83' lang='lat' dir='ltr'>simulac</span> <span class='ocrx_word' id='word_1_224' title='bbox 1984 3550 2067 3585; x_wconf 87' lang='lat' dir='ltr'>me</span> 
     </span>
    </p>
   </div>
  </div>
 </body>
</html>
