2392 4016
403 225 486 269 180
1170 219 1348 258 Annales
1379 218 1548 257 Romani

398 370 484 459 3203
549 376 662 457 110709
720 375 807 455 bmlp'
842 409 949 465 Imp.
991 408 1304 452 Constantinus
1345 407 1430 450 VII
1470 420 1559 450 cos.
1610 421 1709 452 cum
1750 406 2005 451 Constantio
2049 405 2235 449 Caesare
2278 405 2321 447 in

880 469 1034 511 itinere
1066 469 1260 510 Romano
1291 467 1423 510 Polae
1461 466 1644 521 Crispum
1677 466 1928 518 Caesarem,
1970 466 2168 507 iuvenem
2208 477 2322 507 sum-

882 541 976 569 mae
1008 528 1116 582 spei,
1146 528 1328 568 Faustae
1348 537 1560 568 novercae
1592 525 1818 568 calumniis
1850 526 2077 576 incensus,
2111 523 2323 578 simulque

883 586 1170 638 Licinianum,
1193 585 1355 628 sororis
1371 584 1522 636 filium,
1543 583 1863 627 interficiendos
1887 587 2023 635 curat,
2044 585 2322 624 veruntamen

885 645 1056 686 detecta
1087 643 1235 686 fraude
1268 644 1398 686 etiam
1418 644 1583 686 Fausta
1612 641 1824 698 flagitium
1847 646 1983 685 morte
2017 642 2107 683 luit.
2162 641 2323 683 Romae

882 703 1126 746 vicennalia
1163 715 1243 746 sua
1280 704 1398 746 circa
1435 702 1540 744 Idus
1582 701 1715 744 Iulias
1747 702 1896 758 agitat.
1966 701 2151 751 Helena,
2192 700 2325 754 impe-

883 762 1039 805 ratoris
1070 764 1220 814 mater,
1253 761 1389 818 (Aug.
1418 760 1510 811 18.)
1543 761 1691 804 morbo
1723 760 1895 803 decedit
1926 773 1975 802 ac
2009 760 2170 802 Romae
2203 771 2325 813 sepe-

884 822 1000 863 litur.
1061 820 1233 864 Relicta
1263 821 1422 872 Roma,
1456 833 1584 876 quam
1614 832 1765 862 rursus
1797 832 1883 862 non
1914 819 2080 870 videat,
2114 817 2325 860 Constan-

792 927 796 930 ,
883 881 1001 922 tinus
1034 879 1238 922 Sirmium
1267 880 1390 935 petit.
1419 899 1421 901 ·

414 972 417 973 γ
945 939 1064 993 Papa
1095 938 1320 993 Sylvester
1350 938 1469 981 urbis
1505 937 1668 979 Romae
1699 936 1932 992 episcopus
1964 939 2044 978 est.

405 999 490 1043 327
556 998 670 1042 1080
731 997 786 1039 22
850 995 1135 1038 Constantino
1183 999 1227 1038 et
1266 997 1452 1038 Maximo
1494 1008 1584 1038 cos.
1623 997 1798 1038 secunda
1846 997 2012 1037 indictio
2060 995 2222 1048 incipit,
2273 992 2326 1034 cf.

885 1067 1016 1109 supra
1047 1054 1102 1096 ad
1133 1068 1170 1096 a.
1192 1054 1292 1097 312.
1356 1053 1582 1097 Constant.
1614 1055 1660 1096 in
1681 1054 1934 1096 Macedonia
1963 1066 2143 1096 versans
2176 1053 2327 1094 Hiero-

885 1113 1080 1168 solymis,
1110 1113 1287 1155 invento
1311 1125 1435 1156 sacro
1461 1112 1708 1167 sepulchro,
1742 1113 1972 1155 ecclesiam
1993 1112 2326 1155 resurrectionis

887 1172 1030 1214 extrui
1059 1172 1194 1214 iubet.

404 1233 490 1277 328
555 1232 664 1275 1081
730 1231 786 1275 23
848 1231 1047 1274 Ianuario
1089 1235 1132 1272 et
1162 1230 1283 1273 Iusto
1325 1241 1414 1272 cos.
1447 1228 1598 1273 Const.
1629 1228 1909 1271 Nicomediae
1950 1241 2129 1271 versans
2160 1227 2327 1283 Byzan-

888 1290 1022 1342 tium,
1055 1289 1465 1345 opportunissimam
1492 1289 1668 1340 urbem,
1704 1288 1918 1330 instaurat
1964 1290 2008 1330 et
2044 1290 2196 1343 auget,
2235 1300 2329 1329 eam

889 1348 1036 1391 sedem
1066 1349 1238 1404 imperii
1269 1349 1452 1404 eligens,
1471 1346 1583 1390 'cum
1604 1349 1729 1389 vetus
1751 1347 1890 1389 Roma
1919 1347 2047 1388 nimis
2080 1346 2215 1388 multa
2244 1347 2329 1401 pri-

887 1409 1027 1450 stinae
1073 1407 1287 1450 libertatis
1342 1407 1530 1462 vestigia
1580 1409 1794 1458 servaret,
1848 1405 2090 1462 peregrinis
2144 1405 2329 1447 dominis

889 1467 1057 1509 acerba.

407 1527 492 1570 329
558 1525 670 1569 1082
733 1525 789 1567 24
853 1524 952 1568 Cos.
977 1525 1290 1568 Constantinus
1321 1523 1435 1579 Aug.
1458 1523 1565 1566 VIII
1597 1526 1641 1567 et
1674 1523 1986 1566 Constantinus
2020 1521 2240 1565 Caes..IV.

406 1586 493 1629 330
557 1584 670 1628 1083
731 1584 788 1627 25
852 1583 1076 1627 Gallicano
1120 1586 1163 1626 et
1203 1583 1463 1638 Symmacho
1503 1595 1593 1625 cos.
1627 1582 1873 1625 Christiana
1912 1582 2014 1623 urbs
2052 1582 2329 1623 Constantino-

887 1644 1018 1701 pplis,
1051 1643 1142 1685 sive
1173 1642 1296 1684 Nova
1326 1642 1480 1693 Roma,
1525 1641 1679 1684 iisdem
1720 1641 1876 1696 quibus
1908 1643 2033 1682 vetus
2066 1643 2217 1683 ornata
2244 1641 2331 1695 pri-

891 1702 1064 1756 vilegiis
1086 1701 1404 1743 Encaeniorum
1427 1700 1511 1752 die,
1542 1701 1628 1742 Mai
1651 1700 1734 1752 11.,
1764 1702 1987 1741 dedicatur.
2041 1699 2180 1742 Simul
2201 1701 2329 1741 etiam

892 1773 1005 1802 nova
1033 1760 1168 1802 totius
1199 1760 1305 1814 reip.
1335 1759 1570 1814 descriptio
1602 1761 1834 1814 usurpatur
1870 1771 1948 1813 per
1977 1758 2006 1800 4
2034 1760 2330 1812 praefecturas,

893 1819 1050 1873 quibus
1071 1817 1253 1860 totidem
1276 1818 1484 1872 praefecti
1503 1818 1719 1872 praetorio
1741 1820 1961 1872 praesunt,
1994 1817 2197 1869 Orientis,
2227 1817 2332 1872 llly-

892 1878 976 1919 rici
1006 1876 1243 1930 orientalis,
1275 1877 1441 1928 Italiae,
1475 1875 1726 1928 Galliarum,
1760 1876 1815 1918 14
1846 1878 2044 1917 dioeceses
2072 1875 2332 1932 (Aegyptus,

893 1937 1070 1988 Oriens,
1109 1936 1297 1988 Pontus,
1335 1935 1465 1987 Asia,
1499 1935 1685 1978 Thracia
1716 1957 1772 1963 —
1802 1934 2076 1987 Macedonia,
2110 1935 2246 1977 Dacia
2275 1957 2330 1962 —

892 1995 1116 2050 Illyricum
1155 1994 1446 2047 occidentale,
1487 1994 1614 2036 Italia
1645 1994 1862 2049 superior,
1901 1993 2060 2046 Roma,
2097 1992 2247 2036 Africa
2277 2016 2333 2022 —

896 2053 1051 2106 Gallia,
1082 2053 1308 2109 Hispania,
1338 2052 1594 2105 Britannia),
1629 2053 1711 2096 116
1730 2054 1977 2107 provinciaS,
2007 2065 2187 2108 quarum
2207 2065 2333 2095 suum

894 2126 1090 2168 quaeque
1116 2115 1330 2155 rectorem
1361 2111 1466 2165 (aut
1496 2112 1787 2164 consularem,
1822 2114 1898 2154 aut
1927 2115 2227 2164 correctorem,
2260 2118 2334 2153 aut

892 2171 1161 2226 praesidem)
1190 2172 1334 2214 habet.
1397 2167 1597 2214 Officium
1625 2171 1871 2213 Palatinum
1902 2174 2069 2226 septem
2094 2171 2198 2213 viris
2232 2183 2333 2212 con-

892 2231 1077 2272 tineturz
1110 2231 1318 2285 magistro
1351 2229 1604 2281 officiorum,
1637 2232 1888 2284 quaestore,
1922 2230 2078 2272 comite
2112 2242 2332 2272 sacrarum

893 2289 1193 2344 largitionum,
1224 2289 1381 2331 comite
1412 2301 1555 2330 rerum
1585 2289 1869 2343 privatarum,
1902 2288 2070 2330 duobus
2103 2289 2333 2331 comitibus

895 2347 1230 2390 domesticorum
1276 2347 1469 2402 equitum
1507 2349 1552 2389 et
1588 2346 1803 2402 peditum,
1852 2347 2035 2401 denique
2086 2348 2333 2402 praeposito

894 2407 1008 2448 sacri
1047 2407 1249 2449 cubiculi.
1321 2405 1504 2452 Ordines
1543 2408 1742 2448 accurate
1781 2406 2107 2461 distinguuntur
2145 2406 2334 2461 appella-

890 2465 1082 2508 tionibus
1103 2465 1293 2508 virorum
1315 2466 1544 2516 illustrium,
1565 2466 1858 2518 spectabilium,
1888 2466 2213 2517 clarissimorum,
2242 2481 2333 2519 per-

882 2525 1211 2577 fectissimorum.
1283 2524 1508 2576 ‚Consulum
1553 2525 1698 2566 tamen
1746 2523 1936 2579 dignitas
1951 2556 1961 2576 ,
2029 2525 2225 2578 quamvis
2279 2523 2334 2565 ad

894 2583 1085 2637 speciem
1134 2582 1430 2625 tantummodo
1478 2583 1739 2637 composita,
1789 2585 1833 2625 et
1877 2585 2142 2636 patriciorum
2180 2583 2332 2635 honoS,

890 2641 1015 2684 initio
1045 2655 1191 2694 rarus,
1229 2654 1332 2684 mox
1361 2641 1649 2696 frequentior,
1688 2654 1806 2697 prae⁴
1830 2642 1986 2684 ceteris
2028 2642 2227 2684 omnibus
2259 2655 2332 2684 ex-

891 2700 1066 2742 cellunt.

411 2761 493 2804 331
564 2761 677 2804 1084
738 2758 795 2802 26
858 2757 958 2801 Cos.
990 2759 1156 2802 Bassus
1187 2760 1231 2800 et
1259 2756 1484 2800 Ablavius.

412 2820 497 2863 332
564 2820 676 2863 1085
739 2818 795 2861 27
857 2818 1089 2860 Pacatiano
1122 2820 1166 2860 et
1195 2817 1418 2859 Hilariano
1451 2829 1540 2860 cos.
1575 2815 1706 2860 Gothi
1744 2821 1847 2872 rege
1877 2815 2056 2859 Ararico
2087 2817 2332 2859 Danubium

893 2876 1130 2931 populandi
1166 2888 1299 2918 causa
1337 2876 1601 2932 transgressi
1639 2890 1664 2917 a
1696 2875 1980 2918 Constantino
2014 2874 2199 2918 Caesare
2239 2877 2331 2918 vin-

894 2938 1068 2976 cuntur:
1101 2936 1196 2989 ipse
1226 2935 1328 2990 imp.
1363 2948 1386 2977 e
1418 2935 1659 2990 propinquo
1691 2935 1805 2977 bello
1836 2934 2066 2990 praesidet.

412 2994 498 3037 333
563 2994 675 3037 1086
738 2993 794 3037 28
854 2993 1069 3046 Dalmatio
1119 2997 1162 3035 et
1199 2993 1436 3048 Zenophilo
1477 3006 1565 3036 cos.
1608 2992 1919 3036 Constantinus
1967 2994 2156 3048 apertius
2205 3006 2330 3048 quam

893 3054 1021 3094 antea
1049 3052 1211 3107 templa
1249 3055 1292 3094 et
1330 3052 1447 3094 idola
1477 3052 1704 3107 gentilium
1734 3053 1871 3094 everti
1899 3052 2040 3104 iubet,
2084 3065 2134 3094 ac
2166 3052 2330 3095 reditus

892 3111 1066 3166 templis
1099 3110 1296 3153 detrahit.
1360 3109 1521 3152 Contra
1551 3110 1757 3153 basilicae
1787 3111 1833 3152 in
1862 3113 1977 3152 terra
2005 3113 2156 3153 sancta
2185 3111 2330 3166 plures

895 3170 1130 3221 excitatae,
1186 3169 1426 3223 itineraque
1474 3169 1528 3211 ad
1574 3182 1647 3211 eas
1693 3169 2032 3224 frequentantur.
2101 3169 2330 3222 Constans,

892 3228 1095 3271 minimus
1125 3229 1228 3283 imp.
1257 3227 1395 3280 filius,
1429 3227 1591 3270 Caesar
1621 3228 1874 3283 appellatur.

953 3286 1172 3329 Censurae
1216 3287 1378 3329 honore
1425 3287 1602 3330 ultimus
1657 3287 1847 3330 omnium
1893 3287 2154 3339 Dalmatius,
2201 3287 2332 3329 frater

416 3381 422 3387 .
893 3343 1188 3397 Constantini,
1221 3349 1408 3388 ornatur.

411 3403 497 3446 334
562 3403 674 3446 1087
737 3401 793 3444 29
857 3401 957 3444 Cos.
988 3403 1035 3444 L.
1064 3404 1228 3446 Ranius
1250 3403 1462 3447 Acontius
1485 3404 1683 3460 Optatus,
1714 3403 1894 3446 Anicius
1925 3403 2168 3455 Paulinus.)
2230 3403 2327 3445 Sar-

887 3463 1050 3513 matae,
1091 3476 1116 3503 a
1148 3462 1302 3505 Gothis
1345 3466 1388 3504 et
1429 3461 1521 3505 suis
1559 3464 1752 3518 ipsorum
1791 3463 1928 3505 servis
1961 3461 2325 3516 <Limigantibus)

890 3520 1101 3574 oppressi,
1132 3521 1187 3562 ad
1217 3521 1305 3564 300
1335 3522 1455 3563 milia
1484 3522 1703 3564 hominum
1737 3521 1862 3564 sedes
1894 3521 1939 3561 in
1970 3521 2069 3573 imp.
2103 3520 2224 3561 Rom.
2258 3533 2326 3562 ac-

891 3579 1068 3634 cipiunt.
1128 3579 1272 3634 Auget
1306 3579 1808 3635 Constantinopolitanae
1840 3579 1958 3620 urbis
1998 3578 2220 3620 commoda
2250 3579 2327 3621 im-
