2392 4016
363 184 419 228 78

363 341 397 363 a.
419 331 503 362 chr.

393 376 479 419 262

392 671 475 714 261

393 907 480 949 260

393 1317 478 1361 259

391 1613 477 1656 258

391 1964 476 2008 257

391 2318 477 2362 256

391 2612 478 2656 255

392 3322 478 3366 254

394 3556 479 3600 253

564 338 598 361 u.
611 339 641 360 c.

559 374 646 418 492

561 670 648 713 493

561 906 647 948 494

559 1317 646 1360 495

559 1613 646 1656 496

557 1965 643 2008 497

556 2317 644 2361 498

557 2612 644 2656 499

559 3322 647 3366 500

521 3526 537 3530 “
561 3556 644 3600 501

1136 182 1314 222 Annales
1345 182 1518 222 Romani

713 373 814 416 Cos.
846 373 902 417 L.
934 373 1166 416 Postumius
1197 374 1415 429 Megellus,
1461 373 1510 423 Q.
1547 374 1762 418 Mamilius
1785 375 1948 418 Vitulus
2007 374 2292 432 Agrigentum

756 435 858 489 post
887 433 1156 477 obsidionem
1196 433 1221 476 7
1256 434 1471 476 mensium
1509 434 1624 477 victo
1655 434 1889 486 Hannone,
1937 436 2010 490 qui
2049 434 2103 477 ad
2144 434 2292 476 urbem

757 492 1022 536 liberandam
1064 496 1331 545 accesserat,
1372 492 1508 535 multa
1545 493 1818 537 incommoda
1855 494 1975 548 passi
2014 493 2187 535 tandem
2219 505 2293 536 ex·

757 554 966 607 pugnant,
997 551 1255 604 Hannibale,
1290 525 1499 607 Gisgonis
1524 550 1628 605 filio,
1659 552 1873 595 Punicum
1895 552 2159 608 praesidium
2182 551 2292 595 clam

759 610 1015 653 deducente.
1080 610 1191 653 Urbs
1225 584 1436 666 diripitur,
1468 610 1663 654 homines
1695 615 1897 654 veneunt.

711 667 812 712 Cos.
844 669 897 710 L.
926 669 1115 711 Valerius
1144 670 1332 723 Flaccus,
1372 670 1419 712 T.
1457 670 1660 712 Otacilius
1695 670 1907 721 Crassus.)
1961 669 2163 724 Carthag.
2196 681 2292 710 oras

757 727 908 770 Italiae
941 729 1105 772 crebris
1137 729 1467 772 escensionibus
1500 729 1629 772 factis
1659 729 1882 781 infestant,
1922 730 1966 771 in
2000 728 2153 771 Sicilia
2184 727 2292 770 duce

756 786 1002 830 Hamilcare
1049 788 1218 830 cautius
1268 801 1316 831 se
1363 791 1539 844 gerunt,
1586 801 1726 844 neque
1777 789 1823 831 in
1861 788 1991 844 plana
2030 786 2294 830 descendere

761 846 933 888 audent.
2351 877 2356 882 -

712 904 814 947 Cos.
851 905 921 946 Cn.
959 905 1166 947 Cornelius
1195 905 1338 960 Scipio
1369 906 1518 958 Asina,
1554 906 1598 948 C.
1630 905 1840 957 Duilius.)
1894 905 1947 957 (5
1978 905 2083 961 belli
2114 901 2294 956 annus.)

758 962 925 1006 Classis
956 963 1123 1018 ingenti
1155 964 1299 1007 studio
1330 965 1445 1007 intra
1475 965 1533 1008 60
1554 965 1648 1008 dies
1671 968 1956 1021 comparatur.
2007 963 2085 1007 Cn.
2105 962 2294 1015 Cornel.,

757 1021 799 1063 ei
830 1022 1119 1077 praepositus,
1151 1035 1250 1064 cum
1284 1023 1338 1065 17
1371 1024 1554 1066 navibus
1585 1024 1641 1066 ad
1670 1025 1837 1067 insulas
1868 1024 2076 1079 Lipareas
2100 1036 2125 1064 a
2147 1021 2292 1064 Carth.

756 1080 1050 1135 intercipitur,
1092 1081 1170 1123 sed
1203 1080 1250 1123 C.
1283 1081 1476 1134 Duilius,
1524 1083 1600 1137 qui
1629 1083 1674 1124 in
1706 1084 1800 1126 eius
1833 1083 1974 1126 locum
2006 1084 2294 1133 successerat,

757 1138 961 1182 adhibitis
1001 1140 1153 1191 corvis,
1193 1138 1398 1196 Carthag.
1437 1140 1626 1183 classem
1662 1144 1707 1183 et
1739 1141 2028 1184 Hannibalem
2069 1141 2124 1183 ad
2153 1141 2296 1196 Mylas

758 1201 953 1253 superat:
978 1198 1233 1254 Segestanis
1256 1199 1482 1242 obsidione
1503 1199 1713 1253 liberatis,
1734 1200 1916 1242 Romam
1938 1200 2050 1242 redit
2073 1199 2127 1241 ad
2146 1200 2296 1242 trium-

755 1256 886 1312 phum
919 1259 962 1299 et
993 1257 1226 1300 inusitatos
1258 1261 1386 1301 antea
1414 1259 1617 1302 honores.
1659 1257 1902 1311 (Columna
1931 1258 2149 1308 rostrata.)

709 1315 810 1359 Cos.
842 1317 897 1358 L.
936 1316 1145 1358 Cornelius
1175 1317 1333 1372 Scipio,
1369 1318 1413 1359 C.
1445 1319 1656 1371 Aquillius
1684 1318 1872 1369 Florus.)
1921 1317 2049 1361 Corn.
2073 1317 2296 1360 Corsicam

757 1378 802 1418 et
822 1375 1066 1418 Sardiniam
1098 1376 1264 1419 insulas
1296 1376 1446 1432 fugato
1468 1378 1679 1420 Hannone
1711 1377 1855 1420 Carth.
1889 1377 1998 1419 duce
2030 1376 2294 1432 aggreditur,

756 1434 960 1487 Aleriam,
993 1435 1178 1488 Olbiam,
1210 1436 1295 1478 alia
1325 1436 1484 1491 oppida
1515 1437 1653 1492 capit3
1685 1437 1922 1492 triumphat
1953 1435 2196 1492 magnifice.
2245 1435 2295 1478 In

758 1493 911 1536 Sicilia
931 1493 1088 1537 Florus
1120 1507 1211 1537 rem
1233 1495 1356 1538 Rom.
1390 1508 1518 1551 aegre
1551 1496 1753 1548 sustinet,
1787 1496 1865 1539 sed
1895 1495 2132 1550 triumphat
2150 1498 2295 1537 tamen

757 1566 795 1594 a.
827 1565 967 1608 inseq.

710 1610 810 1655 Cos.
841 1613 895 1654 A.
917 1613 1075 1654 Atilius
1101 1613 1327 1665 Calatinus,
1365 1613 1414 1661 Q.
1437 1613 1650 1667 Sulpicius
1669 1613 1922 1655 Paterculus.
1925 1612 1950 1663 )
2006 1613 2118 1655 Dum
2140 1613 2295 1655 classis

756 1671 951 1713 Romana
993 1671 1109 1714 circa
1140 1671 1385 1714 Sardiniam
1422 1675 1642 1727 versatur,
1686 1671 1735 1724 Q.
1769 1672 1890 1727 Sulp.
1929 1673 1974 1714 in
2008 1672 2161 1715 Sicilia
2197 1685 2295 1714 cum

757 1730 1001 1772 Hamilcale
1023 1729 1200 1772 difficile
1222 1730 1384 1773 bellum
1403 1732 1537 1787 gerit·
1559 1705 1813 1774 fortitudine
1833 1731 1890 1773 M.
1908 1730 2132 1786 Calpurnii
2152 1731 2296 1773 Flam-

759 1801 853 1831 mae
893 1789 991 1832 trib.
1033 1788 1123 1831 mil.
1156 1801 1212 1833 ex
1250 1790 1422 1832 insidiis
1461 1790 1693 1842 liberatus,
1735 1789 2007 1833 Camarinam
2039 1791 2176 1846 capit,
2218 1789 2295 1832 sed

757 1859 860 1890 mox
891 1860 917 1889 a
946 1847 1108 1902 Lipara
1137 1860 1295 1904 magno
1327 1861 1427 1895 cum
1457 1822 1715 1892 detriment’o
1746 1849 1982 1904 repellitur.

816 1905 945 1949 Cens.
979 1905 1028 1949 C.
1059 1906 1247 1959 Duilius,
1286 1906 1337 1950 L.
1371 1907 1543 1951 Cornel.
1577 1907 1726 1963 Scipio
1757 1907 1943 1950 lustrum
1976 1906 2085 1960 (36.)
2115 1906 2293 1949 faciunt.

709 1963 810 2008 Cos.
838 1965 882 2008 C.
905 1965 1063 2007 Atilius
1083 1965 1272 2020 Reyulus
1301 1966 1376 2021 qui
1396 1967 1563 2023 primus
1582 1966 1791 2009 Serranus
1810 1966 1953 2009 dictus
1987 1969 2068 2018 est,
2105 1966 2174 2007 Cn.
2198 1966 2294 2007 Cor-

754 2025 885 2066 nelius
914 2025 1068 2067 Blasio
1089 2025 1177 2076 II.)
1232 2024 1280 2068 C.
1301 2025 1460 2069 Atilius
1493 2025 1548 2068 ad
1580 2025 1877 2082 Tyndaridem
1909 2039 2007 2068 cum
2028 2025 2188 2068 Poenis
2220 2038 2294 2067 na-

757 2083 883 2126 vibus
916 2083 1114 2139 confligit
1145 2086 1189 2126 et
1219 2085 1418 2139 superior
1449 2084 1648 2128 discedit.
1712 2085 1848 2128 Terra
1877 2085 1987 2127 nihil
2017 2084 2294 2127 memorabile

755 2142 932 2210 geritur,
965 2142 1043 2185 sed
1071 2143 1311 2197 'triumphat
1339 2145 1486 2186 tamen
1517 2144 1570 2186 de
1591 2144 1752 2187 Poenis
1773 2143 1825 2186 A.
1842 2142 2016 2186 Atilius.
2081 2142 2129 2194 Q.
2163 2143 2231 2199 Og
2232 2143 2295 2185 ul-

758 2201 855 2243 nius
889 2199 1041 2243 Gallus
1074 2201 1177 2243 dict.
1227 2202 1306 2252 (Μ.
1342 2202 1570 2245 Laetorius
1607 2197 1870 2245 Plancianus
1901 2216 2014 2258 mag.
2047 2201 2131 2257 eq)
2170 2202 2294 2244 feria-

754 2272 849 2301 rum
879 2258 1132 2302 Latinarum
1167 2273 1313 2303 causa.

707 2317 807 2361 Cos.
839 2318 893 2360 L.
925 2319 1114 2361 Manlius
1138 2319 1260 2361 Vulso
1300 2319 1492 2374 Lonyus,
1543 2319 1593 2368 Q.
1630 2319 1865 2371 Caedicius,
1914 2319 2010 2361 suff.
2043 2319 2106 2360 M
2138 2319 2295 2360 Atilius

758 2377 946 2432 Reyulus
975 2376 1066 2428 II.)
1126 2377 1255 2420 Manl.
1289 2381 1334 2421 et
1363 2379 1472 2434 Reg.
1506 2379 1647 2422 classe
1679 2379 1922 2420 Poenorum
1954 2378 2009 2420 ad
2038 2378 2293 2420 Heracleam

755 2435 990 2487 (Minoam)
1023 2439 1238 2492 superata,
1269 2438 1312 2480 in
1331 2438 1522 2492 Africam
1554 2439 1764 2479 traiiciunt
1796 2441 1839 2480 et
1861 2436 2068 2492 Clupeam
2102 2438 2292 2492 capiunt,

755 2496 951 2597 eadbelli
987 2495 1091 2539 sede
1131 2497 1265 2538 usuri.
1345 2497 1530 2540 Manlius
1570 2510 1668 2539 cum
1707 2497 1877 2552 ingenti
1914 2496 2076 2551 praeda
2113 2496 2292 2538 Romam

756 2567 802 2597 re
834 2555 869 2597 it

708 2612 809 2656 Cos.
840 2614 934 2656 Ser.
965 2614 1152 2658 Fulvius
1174 2614 1338 2657 Paetin.
1369 2614 1576 2667 Nobilior,
1610 2615 1688 2656 M
1718 2615 1917 2656 Aemilius
1946 2613 2160 2664 Paullus.)
2212 2613 2294 2656 Re-

754 2672 884 2728 gulus
914 2685 1084 2728 procos.
1117 2673 1163 2715 in
1182 2673 1333 2716 Africa
1362 2674 1541 2717 relictus
1575 2673 1629 2716 ad
1649 2673 1766 2716 Adin
1785 2673 2029 2716 Poenorum
2051 2673 2291 2715 exercitum

747 2732 905 2784 vincit,
937 2734 982 2775 et
1011 2732 1159 2775 multis
1192 2733 1363 2788 oppidis
1394 2734 1575 2789 ipsaque
1600 2733 1767 2776 Tunete
1790 2735 1930 2788 capta,
1965 2732 2292 2788 Carthaginien-

754 2803 829 2833 ses
862 2790 1088 2834 obsidione
1119 2793 1288 2847 premit
1342 2792 1431 2835 Sed
1462 2792 1528 2845 hi,
1568 2795 1797 2848 postquam
1828 2792 2100 2834 inhonestam
2142 2803 2293 2846 pacem

754 2849 898 2892 facere
930 2850 1182 2903 noluerunt,
1226 2863 1339 2895 nova
1369 2825 1602 2907 disciplina
1633 2852 1811 2894 militari
1841 2864 1867 2892 a
1897 2850 2172 2905 Xanthippo,
2211 2849 2293 2892 La-

756 2908 1050 2961 cedaemonio,
1070 2909 1272 2963 instituti,
1296 2910 1515 2953 Romanos
1536 2910 1644 2953 locis
1667 2910 1982 2965 campestribus
2000 2909 2293 2964 imprudenter

758 2979 861 3010 usos
892 2966 1139 3023 profligant,
1171 2969 1314 3023 ipsum
1347 2969 1562 3024 Regulum
1594 2969 1784 3024 capiunt.
1833 2969 1920 3010 Vix
1951 2968 2035 3010 duo
2066 2968 2186 3010 milia
2215 2968 2292 3009 mi-

755 3026 879 3068 litum
902 3025 1109 3082 Clupeam
1139 3028 1398 3082 perveniunt
1429 3040 1609 3082 eamque
1640 3028 1790 3070 urbem
1820 3029 2008 3078 tuentur,
2041 3026 2178 3069 donec
2202 3039 2291 3069 cos.

757 3085 955 3128 celeriter
986 3085 1170 3128 collecta
1201 3086 1341 3129 classe
1373 3084 1461 3129 350
1490 3086 1679 3139 navium,
1712 3088 1756 3128 et
1778 3085 1922 3128 Carth.
1956 3087 2070 3127 terra
2099 3086 2291 3140 marique

754 3143 940 3200 fugatis,
979 3144 1237 3197 adveniunt,
1277 3147 1322 3188 et
1350 3145 1561 3188 militibus
1601 3145 1646 3187 in
1685 3157 1817 3187 naves
1848 3144 2065 3200 impositis
2098 3144 2290 3187 Siciliam

756 3205 971 3258 repetunt.
1035 3203 1124 3247 Sed
1153 3203 1286 3247 iidem
1317 3203 1419 3246 dum
1449 3204 1703 3259 Pachynum
1736 3203 2128 3258 circumnavigant,
2165 3202 2292 3245 foeda

754 3264 1014 3317 tempestate
1044 3265 1180 3305 totam
1210 3262 1299 3306 fere
1331 3263 1518 3306 classem
1548 3263 1764 3306 amittunt.
1813 3262 1896 3313 (lo
1926 3262 2030 3304 belli
2061 3261 2233 3312 annus.)

702 3320 808 3369 Cos.
834 3321 910 3363 Cn.
937 3321 1146 3364 Cornelius
1173 3322 1317 3376 Scipio
1345 3322 1480 3364 Asina
1509 3322 1574 3374 II,
1605 3322 1659 3364 A.
1681 3322 1838 3363 Atilius
1862 3321 2076 3363 Calatinus
2095 3321 2153 3362 II
2177 3332 2291 3362 com-

757 3382 908 3435 parata
938 3379 991 3422 de
1011 3380 1182 3437 integro
1203 3381 1359 3433 classe,
1389 3381 1650 3427 Panormum
1673 3382 1937 3436 expugnant,
1969 3379 2200 3421 maximam
2222 3392 2291 3420 ur-

758 3439 857 3482 bem
886 3439 1135 3494 provinciae
1169 3439 1615 3496 Carthaginiensium,
1653 3439 1920 3498 triumphant
1949 3440 2180 3493 prorogato
2212 3438 2290 3479 im-

711 3498 946 3601 Οέεἳήὲγηῗ
947 3498 1151 3599 Sicllrzilius
1185 3557 1350 3612 Caepio,
1387 3557 1441 3603 C'.
1451 3558 1713 3612 Sempronius
1742 3557 1926 3599 Blaesus
1955 3555 2095 3598 classe
2117 3554 2289 3598 Africae
