2392 4016
306 206 363 250 20
1011 205 1230 255 Imperium
1262 204 1522 244 Graecorum.

1940 357 1971 381 a.
1981 348 2064 382 Chr.
2089 348 2233 391 Olymp.

307 396 496 451 Sicyone
522 395 778 450 orthaqorae
809 397 852 439 et
882 396 975 440 eius
1006 396 1171 452 posteri
1201 395 1474 452 tyrannidem
1504 397 1655 439 tenent
1689 394 1774 439 100
1806 393 1895 437 fere

365 466 500 498 annos
533 453 702 508 (Arist.)
734 454 787 499 ab
1959 452 2045 496 674
2106 453 2162 497 26
2185 453 2212 497 3

303 513 372 556 Ex
413 514 467 556 iis
509 514 659 570 Myron
705 513 848 557 clarus
896 513 1098 557 thesauro
1142 516 1329 567 structo,
1375 514 1641 570 victoriaque
1680 515 1900 569 reportata

367 572 579 628 Olympiis
1957 569 2044 614 648
2106 570 2162 614 33
2188 571 2208 612 l

306 631 440 674 Cuius
471 643 607 687 nepos
644 631 878 683 Clisthenes,
923 630 1029 673 belli
1058 631 1265 687 pacisque
1300 630 1463 674 artibus
1497 630 1660 683 clarus,
1702 629 1896 673 Cirrham

362 691 488 733 iussu
519 690 694 734 concilii
723 690 1030 745 Amphictyon.
1063 690 1193 746 capit,
1225 703 1311 733 una
1343 702 1441 732 cum
1471 688 1734 732 Alcmaeone
1766 689 1898 732 Athe-

364 749 507 792 niensi
1911 797 1914 801 t
1959 745 2047 790 590
2105 745 2214 789 473

307 806 463 850 Filiam
494 806 726 862 Agaristen
757 806 955 863 Megacli,
986 805 1258 860 Atheniensi,
1287 806 1565 851 Alcmaeonis
1596 806 1686 850 filio
1718 809 1900 863 nuptum
1960 864 2046 908 583
2105 864 2163 908 49
2186 864 2212 907 2

363 866 436 908 dat
465 865 562 909 fort.

308 923 529 968 Clisthene
561 926 729 968 mortuo
758 924 958 980 tyrannis
991 923 1181 980 Sicyone
1211 924 1377 968 tollitur
1671 942 1674 945 Δ
1959 924 2045 967 574
2107 923 2160 967 51
2186 923 2213 967 3

303 1098 487 1140 Athenis
522 1098 548 1140 9
581 1099 708 1140 annui
737 1097 965 1140 archontes
999 1097 1071 1148 (ex
1100 1097 1370 1167 Eupatridis)
1400 1099 1688 1141 instituuntur
1961 1099 2047 1144 683
2108 1099 2166 1142 24
2187 1099 2213 1142 2

303 1158 447 1198 Draco
480 1156 647 1199 civibus
678 1156 836 1198 Athen.
868 1156 989 1210 leges
1023 1152 1259 1211 (θεσμούς)
1293 1157 1445 1199 scribit
1473 1157 1602 1199 nimis
1635 1169 1809 1200 severas
1961 1158 2047 1201 624
2108 1159 2165 1202 39
2191 1159 2210 1200 1

309 1216 435 1271 Cylon
465 1215 712 1271 principatu
733 1215 833 1258 Ath.
866 1215 1082 1271 potiturus
1116 1228 1259 1257 arcem
1293 1217 1478 1270 occupat
1508 1215 1679 1258 adiutus
1702 1228 1727 1257 a
1748 1227 1899 1258 socero

365 1275 611 1330 Theagene,
654 1277 738 1330 tyr.
770 1275 1105 1330 Megarensium,
1149 1274 1226 1317 sed
1257 1288 1282 1316 a
1311 1274 1471 1330 populo
1503 1276 1547 1316 et
1578 1273 1783 1317 archonte
1812 1274 1900 1316 Me-

369 1333 492 1388 gacle
526 1334 734 1376 obsessus
766 1334 862 1389 ipse
885 1333 1058 1388 quidem
1081 1332 1247 1389 effugit,
1281 1334 1414 1376 ceteri
1434 1345 1536 1376 vero
1559 1333 1773 1384 coniurati
1792 1346 1900 1389 pace

364 1392 480 1434 facta
511 1393 659 1436 emissi
688 1406 766 1448 per
795 1392 990 1434 fraudem
1021 1392 1278 1435 occiduntur
1962 1392 2047 1436 612
2108 1393 2166 1436 42
2191 1394 2211 1436 1

303 1451 567 1505 Epimenides
598 1451 820 1494 Cretensis
855 1451 910 1494 ad
938 1451 1048 1493 illud
1079 1451 1223 1494 scelus
1256 1450 1517 1507 expiandum
1549 1451 1785 1493 arcessitus
1815 1453 1900 1493 tra-

365 1510 496 1552 ditur.

306 1567 425 1611 Gens
457 1567 862 1611 Alcmaeonidarum
892 1568 945 1610 ob
977 1568 1093 1611 idem
1122 1567 1305 1611 Athenis
1337 1568 1521 1624 expulsa
1961 1568 2047 1612 597
2108 1569 2166 1613 45
2187 1570 2215 1612 4

305 1626 415 1669 Cum
445 1626 734 1669 Athenienses
775 1626 828 1669 de
862 1627 1080 1670 Salamine
1116 1627 1262 1670 insula
1301 1641 1326 1669 a
1356 1625 1683 1683 Megarensibus
1721 1638 1900 1681 recupe-

361 1686 497 1727 randa
528 1686 854 1741 desperassent,
897 1686 1024 1727 Solon
1056 1687 1318 1729 carminibus
1359 1686 1595 1728 recitandis
1625 1685 1688 1727 ita
1717 1697 1793 1728 608
1826 1698 1899 1726 ex-

363 1745 482 1796 citat,
514 1748 562 1786 ut
593 1747 798 1787 renovato
830 1744 945 1786 bello
977 1745 1068 1787 voti
1099 1749 1323 1800 compotes
1354 1744 1508 1787 fierent
1932 1743 2058 1797 (600)
2090 1743 2166 1797 (45
2191 1743 2232 1797 1)

306 1801 415 1845 Cum
445 1803 631 1859 populus
664 1803 883 1845 discordia
911 1803 1140 1856 laboraret,
1164 1804 1318 1846 Saloni
1347 1803 1544 1846 archonti
1565 1797 1795 1857 ἐπωνύμῳ
1824 1815 1900 1858 po·
1961 1803 2047 1847 594
2106 1804 2164 1846 46
2187 1803 2214 1847 3

362 1863 500 1904 testas
534 1861 659 1904 datur
689 1873 897 1904 novarum
928 1861 1074 1917 legum
1105 1863 1528 1915 conscribendarum,
1566 1862 1722 1917 quibus
1754 1864 1894 1904 status

361 1920 582 1975 popularis
613 1920 847 1973 inducitur,
879 1921 980 1963 dum
1002 1921 1196 1977 populo'
1183 1935 1229 1963 111
1249 1921 1278 1964 4
1300 1921 1465 1965 classes
1489 1895 1733 1972 distributo,
1765 1921 1895 1963 etiam

359 1978 532 2021 infimae
564 1979 718 2022 classis
752 1980 869 2022 cives
902 1979 957 2021 ad
986 1979 1195 2022 iudicium
1225 1980 1377 2036 populi
1407 1983 1451 2023 et
1483 1980 1730 2022 contionem
1752 1991 1893 2034 neque

359 2039 502 2079 tamen
543 2037 598 2080 ad
627 2038 822 2080 honores
863 2039 1155 2094 capessendos
1188 2039 1495 2091 admittuntur,
1539 2041 1583 2081 et
1613 2041 1767 2082 senatu
1806 2038 1896 2081 400

359 2096 550 2138 virorum
597 2096 797 2139 instituto
847 2098 1100 2139 archontum
1145 2100 1341 2153 potestas
1380 2098 1600 2140 1111111111111.
1681 2096 1895 2139 Iudicium

360 2152 715 2209 Areopagiticum
747 2157 966 2197 servatum
998 2158 1078 2198 est.

300 2211 466 2254 Eodem
495 2212 584 2255 fere
622 2215 816 2269 tempore
853 2213 1016 2256 bellum
1053 2214 1240 2270 primum
1282 2226 1454 2256 sacrum
1484 2211 1788 2266 (Grissaeum)
1817 2227 1922 2269 per⁴

365 2270 514 2313 decem
553 2271 643 2314 fere
683 2284 818 2314 annos
859 2273 1036 2327 geritur.
1109 2272 1247 2328 Capta
1279 2271 1428 2315 Orissa
1467 2271 1559 2313 ludi
1589 2273 1738 2327 Pythii
1774 2273 1899 2315 insti-

362 2332 542 2372 tuuntur
570 2331 698 2372 tertio
731 2331 940 2386 cuiusque
972 2331 1231 2387 olympiadis
1265 2343 1377 2373 anno
1409 2330 1657 2373 celebrandi
1957 2329 2043 2373 586
2105 2330 2163 2374 48
2184 2331 2211 2374 3

300 2388 491 2430 Pittacus
521 2388 742 2443 Mytilenis
775 2393 1028 2453 aesymneta
1059 2390 1235 2446 eligitur
1263 2390 1310 2431 in
1343 2389 1399 2432 10
1430 2402 1567 2432 annos
1957 2388 2043 2433 589
2103 2390 2161 2432 47
2183 2390 2212 2432 4

299 2447 459 2495 Pisaei,
493 2448 648 2501 quibus
669 2448 877 2503 Pyrrhus
890 2449 1088 2504 imperat,
1118 2449 1165 2491 in
1186 2449 1488 2504 Peloponneso
1511 2449 1682 2491 subacti
1702 2449 1755 2491 ab
1775 2447 1895 2490 Eleis
1957 2448 2043 2491 572
2106 2448 2162 2492 52
2186 2450 2207 2491 1

299 2505 483 2548 Athenis
515 2507 653 2549 tribus
685 2506 946 2550 factionibus
978 2508 1024 2549 in
1048 2508 1223 2550 civitate
1247 2508 1410 2549 exortis
1445 2503 1699 2559 (πεδιαίων,
1735 2502 1890 2565 παρά-

358 2561 464 2614 λων,
497 2559 803 2623 ὑπερακρίων)
835 2566 1085 2608 Pisistratus
1113 2567 1158 2609 vi
1189 2567 1374 2621 doloque
1405 2569 1618 2621 tyrannus
1649 2566 1700 2608 fit
1956 2563 2043 2608 560
2103 2564 2160 2608 55
2185 2566 2206 2608 1

301 2622 479 2665 Eiectus
510 2636 589 2678 per
618 2625 872 2679 Megaclem,
903 2624 1181 2668 Alcmaeonis
1212 2625 1287 2677 fil.,
1325 2627 1369 2667 et
1398 2625 1663 2680 Lycurgum,
1695 2624 1895 2668 adversa·
1955 2623 2042 2667 558
2102 2623 2207 2677 55}

363 2682 524 2723 riarum
554 2684 742 2738 partium
775 2683 923 2736 duces,
954 2684 1069 2726 haud
1100 2684 1235 2726 multo
1266 2686 1368 2740 post
1396 2697 1503 2739 pace
1534 2684 1649 2726 facta
1679 2697 1778 2726 cum
1807 2683 1894 2725 Me-

361 2741 484 2795 gacle
516 2741 753 2794 reducitur,
791 2743 949 2785 iterum
991 2743 1160 2786 eiectus
1191 2743 1405 2786 Eretriam
1437 2743 1604 2786 secedit
1634 2745 1678 2786 et
1705 2742 1894 2799 reditum

358 2802 483 2854 parat
1951 2799 2039 2844 550
2098 2799 2155 2844 57
2177 2800 2205 2843 3

299 2857 394 2900 Hoc
426 2861 618 2913 tempore
649 2857 880 2911 Miltiades,
924 2858 1105 2914 Cypseli
1135 2859 1179 2913 f.,
1222 2859 1495 2928 tyrannidem
1525 2860 1571 2902 in
1602 2861 1894 2903 chersonneso

355 2916 609 3017 ἑξᾞειοῂέεἰη
622 2916 828 2959 condidit.
901 2918 1152 2961 Succedunt
1196 2919 1237 2961 ei
1276 2919 1534 2974 Stesagoras
1582 2921 1626 2961 et
1662 2919 1894 2971 Miltiades,

397 2988 421 3016 a
441 2987 501 3017 118
581 2975 624 3016 11.

298 3031 514 3088 Apollinis
535 3033 743 3088 templum
765 3033 1021 3090 Delphicum
1040 3035 1243 3078 incendio
1265 3035 1468 3088 deletum,
1502 3036 1618 3091 quod
1647 3036 1892 3079 restituitur

359 3092 412 3134 ab
441 3091 764 3135 Alcmaeonidis
1950 3093 2036 3137 548
2098 3093 2154 3138 58
2179 3095 2201 3137 1

266 3141 423 3212 §Bella
461 3153 668 3206 geru-ntur
706 3152 819 3193 inter
857 3150 1226 3194 Lacedaemonios
1266 3155 1311 3195 et
1351 3152 1588 3208 Tegeatas,
1634 3154 1740 3196 item
1777 3153 1892 3195 inter

271 3213 293 3269 ἱ·
359 3209 518 3251 Laced.
551 3213 595 3252 et
624 3209 826 3265 Argivos,
860 3210 1058 3265 Thyreae
1091 3222 1236 3263 causa,
1784 3212 1887 3254 circ.
1949 3210 2036 3254 546
2097 3210 2155 3255 58
2176 3211 2203 3255 3

282 3256 548 3310 Pisistratus
567 3268 717 3311 urbem
737 3269 782 3311 vi
800 3269 968 3323 recipit,
991 3269 1230 3324 Megaclem
1248 3271 1469 3324 totamque
1486 3268 1891 3314 Alcmaeonidarum

359 3329 533 3380 gentem
564 3327 762 3382 expellit,
790 3327 919 3369 armis
953 3327 1289 3371 dominationem
1319 3327 1461 3370 firmat
1949 3326 2038 3372 540
2098 3327 2155 3371 60
2178 3327 2199 3370 1

301 3382 395 3434 Quo
432 3387 624 3441 tempore
661 3386 832 3439 sl'hespis
859 3384 1042 3428 Athenis
1082 3385 1282 3430 floruisse
1321 3387 1528 3440 traditur,
1568 3387 1890 3444 tragoediarum

358 3442 570 3497 inventor,
604 3457 701 3487 cum
731 3445 817 3486 iam
849 3444 1135 3499 quadraginta
1175 3445 1264 3488 fere
1297 3447 1420 3489 annis
1455 3419 1553 3489 ant’e
1584 3447 1787 3489 Susarion
1818 3458 1889 3489 co-

359 3501 551 3544 moedias
582 3502 743 3545 ibidem
774 3515 902 3558 agere
935 3502 1167 3558 coepisset.

269 3557 468 3602 .Mortuo
499 3560 728 3604 Pisistrato
769 3561 850 3612 (17
882 3574 1016 3605 annos
1059 3561 1302 3606 dominatus
1343 3561 1438 3616 est)
1475 3564 1661 3618 fflppias
1698 3564 1742 3605 et
1778 3562 1886 3616 Hip-
1946 3560 2033 3606 528
2093 3562 2149 3606 63
2174 3562 2195 3605 1
