2392 4016
270 181 326 224 26
976 183 1196 232 Imperium
1228 159 1486 227 Graecorum.

1891 327 2018 360 a.Chr.
2046 327 2190 370 Olymp.

271 369 381 414 Cum
402 369 592 426 Argivis,
624 371 759 425 Eleis,
789 372 1159 418 Mantineensibus
1191 374 1343 418 foedus
1365 374 1532 418 faciunt
1551 372 1856 427 Athenionem,
1921 404 1924 406 v

328 431 503 472 auctore
534 429 752 473 Alcibiade
1916 432 2005 476 420
2064 432 2120 476 89
2142 432 2171 474 4

267 487 421 542 Argivi
450 488 611 530 bellum
643 492 800 546 gerunt
831 503 929 534 cum
958 490 1118 534 Laced.
1151 491 1288 534 adiuti
1319 491 1371 534 ab
1393 489 1745 546 Atheniensibus,
1778 492 1857 535 sed

327 546 382 588 ad
412 547 676 591 Mantineam
705 549 811 592 victi
841 562 943 592 mox
974 563 1072 592 cum
1102 550 1191 593 illis
1223 563 1374 606 pacem
1404 550 1570 594 faciunt
1915 549 2004 593 418
2066 550 2123 593 90
2144 548 2172 605 Ξ

267 604 403 647 Iidem
436 619 602 659 rursus,
635 610 791 662 agente
823 608 1063 662 Alcibiade,
1094 610 1297 653 restituto
1330 612 1447 652 statu
1476 609 1688 666 populari,
1721 610 1858 653 socie-

327 666 461 706 tatem
501 664 830 710 Atheniensium
867 668 1208 723 amplectuntur,
1256 669 1410 757 longos
1452 681 1596 712 muros
1637 670 1855 712 extruunt.

323 723 544 777 Euripidis
575 725 832 768 Heraclidae
866 729 963 768 acta
1915 725 2002 768 417
2065 725 2122 769 90
2144 723 2172 779 Ξ

267 781 318 823 In
357 782 530 835 Melies,
571 783 1013 828 Lacedaemoniorum
1050 787 1220 828 veteres
1261 755 1459 839 colonos,
1500 785 1554 829 ad
1593 785 1857 829 deditionem

325 843 513 893 coactos,
546 842 776 886 crudeliter
808 844 1008 887 saeviunt
1038 843 1329 888 Athenienses
1913 843 2000 886 416
2065 842 2117 886 91
2147 843 2167 885 l

265 897 421 953 Legati
453 899 798 955 Segestanorum
830 903 1040 946 auxilium
1080 903 1289 947 adversus
1321 903 1622 959 Syracusanos
1655 904 1854 958 petentes

322 956 516 1000 Athenas
548 961 740 1002 veniunt.
785 961 956 1004 Bellum
985 961 1095 1004 illud
1127 962 1282 1018 cupide
1315 962 1527 1018 arripiunt
1547 962 1853 1014 Athenienses,

323 1014 548 1058 Alcibiade
580 1021 755 1061 auctore
1874 1075 1878 1078 η
1913 1019 2001 1063 415
2063 1019 2116 1062 91
2145 1019 2165 1061 1

262 1073 490 1116 Μ11111111111·
521 1079 618 1117 cum
649 1077 790 1119 classe
813 1076 898 1120 134
917 1077 1092 1119 navium
1113 1080 1157 1121 et
1175 1079 1345 1134 ingenti
1367 1080 1577 1134 apparatu
1599 1078 1852 1131 Alcibiades,

321 1131 486 1185 Nicias,
516 1134 764 1187 Lamachus,
795 1137 1031 1190 praetores.

265 1189 472 1234 Catanam
504 1193 692 1248 capiunt.
739 1167 989 1237 Alcibiades
1023 1194 1195 1236 domum
1227 1179 1464 1237 arcessitus
1487 1194 1696 1237 Thurium
1726 1194 1851 1250 fugit,

322 1262 423 1292 mox
453 1252 610 1294 transit
641 1252 695 1294 ad
724 1253 1093 1296 Lacedaemonios
1912 1252 1999 1298 415
2062 1255 2115 1298 91
2142 1255 2169 1297 2

261 1306 551 1353 Athenienses
586 1311 829 1367 Syracusas
870 1312 1095 1356 obsidione
1127 1313 1330 1367 cingunt,
1369 1312 1536 1368 proelio
1567 1313 1767 1366 vincunt,
1805 1313 1852 1355 in

319 1380 403 1422 quo
435 1362 671 1412 Lamachus
702 1371 914 1414 occiditur
970 1370 1300 1427 (Aristophanis
1333 1369 1462 1424 aves)
1910 1372 1999 1416 414
2061 1373 2113 1416 91
2141 1373 2167 1416 2

268 1425 478 1482 Gonqylus
510 1428 776 1483 Corinthius,
807 1433 909 1486 post
940 1443 1037 1473 eum
1072 1430 1287 1486 Gylippus
1319 1430 1689 1474 Lacedaemonius
1722 1431 1851 1486 Syra·
1914 1467 1916 1469 ,

321 1487 496 1529 cusanis
528 1489 690 1531 auxilia
721 1463 942 1531 adducunt
1912 1490 2000 1533 414
2062 1491 2114 1534 91
2139 1490 2166 1534 3

261 1535 552 1590 Athenienses
604 1551 754 1590 contra
796 1549 983 1591 classem
1021 1548 1228 1591 adversus
1267 1547 1523 1591 Lacedaem.
1559 1561 1637 1604 pro
1675 1548 1852 1605 Argivis

321 1604 511 1657 mittunt,
545 1618 654 1660 quae
685 1620 784 1650 cum
803 1607 1038 1650 Laconiam
1067 1609 1223 1660 vastet,
1253 1607 1341 1650 illis
1374 1620 1549 1651 causam
1571 1607 1675 1650 belli
1705 1610 1852 1665 aperte

352 1663 500 1705 erendi
531 1664 616 1707 dat.

259 1675 616 1773 Lagcedaemonii
632 1710 677 1766 111
698 1723 898 1785 Atticam
936 1698 1268 1780 impressionem
1305 1737 1410 1780 rege
1442 1722 1582 1780 Agide
1612 1724 1778 1768 faciunt
1808 1728 1852 1768 et

316 1781 535 1822 Deceleam
573 1783 796 1834 muniunt,
843 1785 1019 1825 auctore
1059 1783 1307 1846 Alcibiade,
1320 1796 1439 1838 qua
1475 1796 1522 1825 re
1560 1782 1849 1829 Athenienses

318 1839 542 1882 obsidione
575 1841 747 1884 &ausos
778 1815 934 1884 tenent
1004 1878 1010 1887 .
1910 1843 1998 1887 413
2061 1844 2114 1888 91
2139 1844 2166 1888 3

258 1896 576 1951 Demosthenes
614 1899 796 1942 Athenis
843 1901 890 1943 in
929 1892 1126 1977 Siciliam
1176 1913 1276 1943 cum
1313 1900 1455 1944 classe
1494 1900 1551 1944 73
1593 1902 1765 1944 navium
1807 1905 1852 1945 et

256 1952 642 2060 [1181111111ωὲἒὲἓᾶἳᾷ
648 1960 855 2073 {digni}
885 2017 1049 2067 mensis
1080 2015 1234 2074 Αιιςα)
1267 2018 1484 2062 exercitus
1515 2017 1847 2062 Atheniensium
1907 1961 1996 2005 413

316 2074 362 2115 in
395 2074 546 2117 Sicilia
577 2076 758 2130 deletur,
789 2076 939 2139 Nicias
972 2078 1016 2119 et
1046 2076 1362 2120 Demosthenes
1395 2074 1652 2122 occiduntur
1683 2079 1848 2130 (mense

316 2132 583 2188 Septembri)
1909 2138 1997 2182 413
2058 2139 2111 2182 91
2135 2140 2164 2182 4

255 2188 416 2233 Audita
447 2193 568 2236 clade
600 2192 699 2236 Ath.
733 2192 940 2236 deficiunt
969 2192 1131 2235 Lesbii.

258 2248 504 2294 Alcibiades
545 2253 590 2294 in
627 2252 777 2295 Asiam
816 2252 1036 2307 profectus
1077 2252 1208 2294 sociis
1241 2251 1340 2294 Ath.
1383 2251 1525 2305 Chiis,
1576 2201 1846 2308 Erythraeis,

316 2308 618 2364 Clazomeniis,
649 2311 847 2364 Milesiis,
887 2310 1069 2352 Rhodi-is
1102 2312 1150 2353 ut
1181 2310 1386 2354 deficiant
1414 2311 1666 2367 persuadet,
1709 2313 1846 2356 socie-

313 2370 448 2419 tatem
469 2369 698 2412 Persarum
731 2370 1055 2425 (Tissaphernis
1089 2369 1306 2425 satrapae)
1339 2372 1383 2413 et
1405 2370 1846 2414 Lacedaemoniorum

314 2428 520 2470 conciliat
1072 2478 1076 2482 ⁸
1905 2432 1992 2474 412
2056 2431 2111 2476 92
2137 2433 2158 2475 1

255 2484 344 2527 Sed
376 2486 535 2539 Samii,
577 2486 729 2529 eiectis
763 2486 1040 2542 optimatibus
1075 2489 1119 2528 et
1149 2482 1414 2529 democratia
1442 2488 1656 2540 instituta,
1693 2487 1846 2532 fideles

312 2543 652 2594 Atheniensibus
685 2558 731 2587 se
763 2546 985 2601 praebent,
1017 2547 1248 2601 propterea
1277 2546 1480 2589 libertate
1512 2549 1556 2589 et
1575 2547 1846 2590 immunitate

314 2603 478 2646 donati:
536 2604 629 2659 spsi
658 2603 948 2657 Athenienses
983 2603 1099 2647 1000
1129 2604 1308 2657 talenta,
1346 2605 1400 2647 ad
1431 2605 1626 2648 ultimam
1656 2607 1846 2650 necessi-

198 2696 205 2719 a
311 2664 446 2704 tatem
477 2664 682 2718 seposita,
715 2654 918 2718 promunt
949 2662 1003 2705 ad
1033 2663 1195 2705 bellum
1226 2662 1396 2706 fortiter
1427 2665 1676 2720 gerendum.

187 2720 206 2809 ἓ
253 2720 529 2763 Democratia
560 2722 743 2764 Athenis
777 2723 973 2773 solvitur,
1009 2734 1260 2777 rerumque
1271 2722 1586 2766 administratio
1617 2724 1706 2767 400
1736 2725 1845 2786 opti·
1955 2772 1960 2775 ,

312 2780 500 2822 matibus
523 2780 719 2832 traditur,
750 2781 1025 2823 machinante
1046 2780 1285 2833 Alcibiade,
1318 2794 1402 2837 quo
1422 2783 1559 2825 tutius
1582 2784 1627 2824 in
1648 2774 1845 2838 patriam,
1904 2785 1988 2828 411
2055 2785 2109 2828 92
2135 2785 2155 2827 1

312 2838 427 2892 quod
458 2838 618 2880 dudum
652 2840 785 2893 cupit,
816 2841 1069 2881 revertatur.
1132 2839 1310 2882 Euboea
1340 2842 1485 2884 insula
1515 2841 1662 2884 deficit
1905 2844 1990 2886 411

251 2894 501 2939 Alcibiades
534 2898 586 2939 ab
619 2898 813 2939 exercitu
844 2897 900 2939 ad
929 2897 1119 2950 Samum,
1152 2911 1283 2953 opera
1312 2901 1543 2956 praecipue
1568 2901 1845 2955 Thrasybuli,

310 2958 511 3010 receptus
543 2957 803 3011 populiscito
835 2957 881 2998 in
911 2956 1096 3011 patriam
1126 2958 1389 3001 restituitur:
1421 2961 1616 3014 potestas
1649 2961 1843 3012 quadrin-

309 3023 517 3067 9entorum
550 3018 651 3070 post
681 3017 884 3070 quattuor
913 3027 1086 3056 menses
1119 3015 1301 3057 solvitur
1903 3018 1987 3061 411

251 3070 556 3125 Athenienses,
591 3074 864 3128 Thrasybulo
897 3075 940 3116 et
973 3073 1203 3129 Thrasyllo
1234 3073 1432 3127 ducibus,
1471 3075 1841 3118 Lacedaemonios

309 3145 457 3187 pugna
487 3132 629 3174 navali
661 3133 715 3174 ad
738 3133 914 3176 Sestum
937 3131 1239 3187 (Cynossema)
1261 3134 1455 3176 vincunt.
1503 3132 1604 3186 (Hic
1627 3135 1843 3191 abrumpit

316 3191 566 3246 Thucydidis
596 3191 791 3243 historia,
822 3193 868 3233 in
899 3194 1084 3234 exeunte
1116 3191 1362 3235 bellianno
1396 3191 1483 3242 21.)
1900 3193 1985 3236 411
2052 3193 2106 3236 92
2129 3193 2155 3235 2

251 3249 350 3290 Mox
371 3249 596 3292 Alcibiade
630 3250 738 3293 duce
769 3225 905 3293 t'otam
925 3250 1114 3292 hostium
1133 3251 1318 3294 classem
1341 3251 1396 3294 ad
1417 3251 1626 3307 Cyzicum
1648 3251 1838 3306 capiunt,

310 3307 440 3362 Agis,
481 3308 641 3351 Laced.
672 3323 773 3362 rex,
806 3322 862 3350 ex
890 3307 1037 3351 Attica
1067 3309 1312 3365 repellitur,
1352 3311 1620 3366 Lampsacus
1653 3310 1705 3352 ab
1738 3309 1838 3352 Ath.

312 3366 533 3410 obsidetur
1533 3394 1538 3398 ·
1901 3368 1991 3412 410

254 3423 500 3467 Chalcedon
524 3427 567 3467 et
586 3425 846 3480 Byzantium
871 3424 923 3467 ab
945 3422 1100 3467 Athen.
1123 3427 1411 3483 recipiuntur:
1435 3439 1583 3470 eorum
1604 3439 1674 3470 res
1698 3427 1839 3470 denuo

311 3482 605 3536 efflorescunt,
657 3483 1071 3540 Peloponnesiorum
1110 3497 1238 3541 aegre
1281 3500 1306 3530 a
1336 3487 1635 3539 Pharnabazo,
1673 3486 1839 3548 Mysiae

311 3544 496 3620 satrapa,
530 3544 798 3586 sustinentur
1901 3543 1988 3587 409
