2392 4016
581 155 634 195 ab
666 168 772 196 anno
804 168 843 206 p.
866 154 961 196 Chr.
984 155 1069 196 890
1103 166 1231 206 nsque
1265 155 1319 195 ad
1350 167 1498 195 annnm
1530 154 1631 195 400.
1988 151 2068 199 191

140 347 342 392 Periodus
370 355 537 402 octava,
576 362 605 391 a
634 356 758 391 morte
788 348 943 404 Magni
977 347 1194 392 ΤΙιωᾰωιῖ
1221 359 1347 402 usque
1376 347 1438 390 ad
1462 347 1665 390 &tta-im
1705 348 1867 403 inperia·
1894 346 2074 391 Βοιαὶ

139 409 414 462 occidentalis,
446 421 552 451 mino
583 407 685 460 476,
717 422 795 462 quo
828 417 999 463 tempore
1035 407 1224 459 barbari,
1266 408 1377 450 intra
1394 406 1512 459 fines
1541 405 1748 449 Romanos
1778 408 1949 462 recepti,
1986 423 2071 450 cun·

140 467 328 524 sesquatos
351 468 588 523 provinciae
616 468 659 509 in
686 475 925 521 potestatem
954 468 1225 523 admiscent,
1257 466 1433 509 extincto
1470 466 1625 508 nomine
1656 467 1928 521 imperatorio,
1962 466 2078 511 haud

190 583 220 617 c
441 584 453 617 ί
750 528 871 570 dubie
900 527 967 569 eui
994 527 1100 570 iuris
1129 539 1214 569 mo
1242 531 1468 581 coeperam.

140 593 181 625 p·
222 607 233 617 ο
312 594 349 618 u.
362 593 396 619 0·
454 592 530 625 mp-

144 642 232 688 395
297 642 410 687 1148
472 643 492 686 1
557 641 892 694 ARCADIUS,
927 639 982 684 18
1012 652 1151 684 annos
1183 643 1334 693 natus,
1367 639 1603 693 Orientem,
1635 638 1978 693 HONORIUS,
2013 650 2073 683 eu-

599 710 683 744 tore
703 701 943 755 Stilichone,
976 698 1256 743 Occidentem
1290 697 1573 751 (Mediolani)
1604 698 1731 755 regit.
1792 697 1920 755 Apud
1942 672 2072 742 A’rca·

595 760 712 803 dium
752 760 938 817 primum
975 758 1209 815 potestatis
1248 757 1429 815 gradum
1468 760 1589 802 tenet
1619 757 1820 811 Rrfinus,
1860 758 1935 814 qui
1973 771 2071 802 cum

595 819 834 862 sceleribus
864 830 916 861 ac
948 816 1225 861 simulatione
1255 817 1438 873 pietatis
1470 816 1621 869 (cuius
1652 817 1717 860 rei
1747 815 1877 859 fidem
1909 816 2074 861 faciunt

594 877 844 934 frequentes
878 875 1215 919 constitutiones
1249 875 1344 919 adv.
1367 875 1611 919 haereticos
1642 876 1684 919 h.
1706 889 1743 918 a.
1776 876 1989 928 emissae)
2020 876 2075 920 ad

595 936 853 994 dignitatem
902 934 1036 992 praef.
1076 938 1213 992 praet.
1253 935 1444 979 Orientis
1483 935 1779 992 pervenisset,
1826 935 1959 979 etiam
1997 948 2075 993 spe

595 995 843 1049 fovebatur,
875 994 967 1038 fore
999 995 1049 1037 ut
1076 994 1383 1051 imperatorem
1413 993 1529 1037 filiae
1561 994 1724 1052 nuptiis
1757 1006 1906 1038 secum
1938 995 2075 1039 artius

595 1055 893 1111 coniungeret.
958 1053 1046 1098 Sed
1084 1066 1137 1096 ea
1176 1066 1255 1111 spe
1297 1053 1499 1123 deii-citur
1542 1054 1596 1097 ab
1626 1054 1832 1123 Ean-opio
1863 1054 2076 1107 eunucho,

594 1116 986 1227 ἓῖῃδὸιῗῖηξιζξῖιεὲι
1006 1112 2078 1229 AEpurill‘sxigmmafflmffniffmmgxgreffagggugit

595 1231 803 1276 Eiusdem
834 1230 1005 1285 Rufini,
1042 1234 1092 1274 ut
1122 1231 1400 1285 credebatur,
1436 1232 1648 1275 instinctu
1679 1232 1877 1275 Alaricus
1907 1231 2077 1285 Baltha,

596 1304 675 1335 rex
705 1291 1055 1348 visigothorum,
1089 1290 1318 1334 Thraciam
1357 1294 1404 1334 et
1432 1291 1639 1335 Moesiam
1678 1291 1878 1348 populari
1919 1292 2077 1349 coepit,

598 1353 648 1394 nt
675 1364 755 1407 per
786 1363 881 1393 eam
902 1351 1180 1394 occasionem
1213 1350 1378 1406 copiae,
1410 1363 1520 1406 quas
1544 1349 1819 1394 Theodosius
1851 1362 2002 1394 seeum
2031 1350 2076 1394 in

596 1409 766 1453 Italiam
796 1409 1010 1463 duxisset,
1042 1423 1069 1452 a
1099 1409 1342 1453 Stilichone
1372 1412 1671 1453 avocarentur.
1735 1409 1871 1453 Dolus
1902 1409 2077 1466 quidem

595 1469 837 1525 processit,
881 1468 960 1512 sed
997 1468 1201 1511 damnum
1239 1469 1285 1511 in
1324 1471 1547 1512 auctorem
1585 1467 1761 1521 recidit,
1805 1468 2078 1512 machinante

596 1528 851 1572 Stilichone.
913 1527 1026 1571 Nam
1067 1527 1274 1581 Rufinus,
1313 1528 1417 1571 dum
1460 1526 1842 1584 Constantinopoli
1879 1540 2078 1572 reversos

595 1587 758 1630 milites
789 1587 968 1640 lustrat,
1010 1600 1036 1629 a
1071 1586 1235 1640 Gaina,
1275 1586 1386 1630 duce
1427 1586 1746 1630 foederatorum
1783 1587 2078 1641 barbarorum,

595 1646 838 1690 trucidatur
869 1645 941 1689 27.
962 1646 1074 1690 Nov.
1136 1646 1334 1690 Vacuum
1373 1647 1678 1703 imperatorem
1709 1650 1896 1703 occupat
1924 1647 2078 1690 Eutro-

594 1707 713 1761 pius,
753 1705 906 1749 eadem
936 1706 1083 1748 omnia
1111 1705 1290 1748 hostilia
1319 1705 1528 1749 adversus
1561 1705 1847 1750 Stilichonem
1877 1706 2076 1750 moliens.

597 1765 775 1821 (Itaque
815 1767 860 1808 et
872 1764 1013 1874 )hunc
1052 1767 1097 1808 et
1144 1767 1273 1807 antea
1312 1763 1516 1808 Rufinum
1557 1765 1822 1808 carminibus
1868 1765 2081 1822 proscidit

602 1824 869 1867 Claudianus.

145 1888 232 1934 396
298 1887 412 1935 1149
475 1885 504 1929 2
563 1883 752 1928 Arcadio
772 1883 835 1927 IV
856 1885 901 1926 et
919 1882 1112 1925 Honorio
1134 1881 1200 1925 111
1219 1879 1365 1939 Augg.
1388 1893 1479 1926 cos.
1499 1881 1701 1926 Alaricus
1723 1883 1890 1926 semel
1877 1896 1922 1926 ιιι
1945 1883 2079 1928 Grae-

599 1943 711 1986 ciam
740 1955 820 1999 per
848 1941 1075 1999 angustias
1098 1941 1486 1998 Thermopylarum
1517 1942 1755 1996 immissus,
1787 1942 2077 1987 caedibusac

597 2001 950 2059 populationibus
990 2004 1234 2058 grassatur,
1275 2001 1382 2045 solis
1411 2000 1596 2045 Athenis
1639 2002 1942 2059 superstitiose
1981 2015 2059 2059 par

599 2074 720 2114 cens,
742 2061 822 2105 sed
841 2060 1068 2104 Eleusinia
1097 2073 1224 2104 sacra
1251 2062 1466 2104 evertens.
1517 2061 1569 2104 In
1599 2060 1747 2104 Afn‘ca
1771 2061 1896 2105 Gildo
1918 2060 2075 2106 Comes

600 2121 827 2177 utriusque
864 2120 1047 2163 militiae
1085 2119 1361 2176 tyrannidem
1407 2120 1560 2178 arripit
1598 2123 1643 2164 et
1681 2121 1863 2164 Romam
1909 2124 2078 2165 retenta

603 2192 776 2224 annona
804 2179 917 2222 fame
946 2179 1119 2235 premit.

145 2242 231 2287 397
295 2241 411 2287 1150
469 2240 497 2285 3
559 2239 765 2284 Caesario
807 2241 851 2282 et
881 2238 1030 2282 Attico
1061 2249 1152 2282 cos.
1185 2216 1370 2282 Stilicho
1409 2238 1455 2281 in
1486 2237 1715 2283 Graeciam
1753 2251 1852 2282 cum
1883 2240 2077 2283 exercitu

597 2299 775 2351 traiicit‚
805 2297 974 2342 Gothos
1005 2298 1051 2340 in
1070 2297 1249 2351 Pholoe,
1280 2299 1426 2340 monte
1447 2297 1675 2351 Arcadiae,
1707 2298 1913 2342 obsessos
1944 2301 2078 2352 tenet,

605 2358 685 2402 sed
722 2371 821 2402 cum
867 2360 1012 2400 castra
1050 2357 1326 2414 negligenter
1365 2357 1687 2409 custodiantur,
1735 2357 1892 2401 fretum
1937 2362 2077 2402 trans-

602 2429 779 2520 {33:35
802 2415 1212 2530 335333322533?
1226 2416 2079 2531 &xmifffft’p‘izzzffit‘lffl?

602 2535 778 2578 curitati
827 2534 1087 2577 Iudaeorum
1133 2533 1333 2590 providet
1377 2534 1777 2578 constitutionibus.
1858 2535 2078 2580 Honorius

599 2594 763 2638 bellum
795 2593 1074 2637 Gildonicum
1113 2595 1306 2650 apparat.
1368 2592 1679 2650 Symmachus,
1722 2594 1906 2639 oratoris
1946 2594 2079 2648 filius,

599 2653 763 2697 Romae
793 2655 967 2709 praetor
996 2655 1077 2696 est.

147 2714 235 2760 398
301 2714 412 2759 1151
479 2713 508 2756 4
569 2713 670 2757 Cos.
693 2712 913 2756 Honorius
933 2711 1047 2768 Aug.
1069 2710 1132 2755 IV
1153 2713 1198 2754 et
1216 2710 1284 2755 Fl.
1305 2710 1640 2768 Eutychianns.)
1690 2711 1891 2757 Alaricus
1919 2713 2080 2770 praeda

606 2772 812 2824 satiatus,
851 2771 897 2814 in
928 2771 1112 2828 gratiam
1144 2783 1243 2814 cum
1274 2770 1462 2814 Arcadio
1491 2770 1627 2824 redit,
1658 2771 1754 2829 ipse
1786 2771 1943 2816 Comes
1976 2772 2079 2829 llly-

601 2831 682 2875 rici
722 2829 994 2883 (0rientalis)
1033 2830 1294 2883 instituitur,
1335 2830 1555 2876 exercitus
1596 2831 1710 2874 inter
1747 2831 1965 2888 praesidia
1996 2831 2079 2874 Ro

600 2903 730 2934 mana
758 2889 979 2946 recipitur.
1041 2888 1092 2932 In
1113 2888 1352 2933 Occidente
1390 2890 1532 2934 omnis
1593 2893 1760 2934 otestas
1789 2903 1926 2959 penes
1959 2890 2078 2935 Stili-

603 2949 786 2993 chonem
817 2951 898 2993 est.
959 2948 1165 3002 Mariam,
1204 2947 1337 2991 filiam
1377 2961 1524 3002 suam,
1561 2902 1755 2993 honorio
1785 2950 1830 2993 in
1861 2949 2080 2994 matrimo-

603 3009 725 3052 nium
754 3007 848 3052 dat·
882 3007 1092 3052 adversus
1118 3007 1344 3062 Gildonem,
1374 3008 1543 3052 hostem
1576 3021 1602 3051 a
1632 3011 1786 3052 senatu
1815 3008 1939 3052 Rom.
1970 3008 2079 3052 indi·

602 3070 771 3120 catum,
811 3067 1118 3120 Mascezelem,
1155 3066 1275 3111 illius
1306 3066 1506 3120 fratrem,
1545 3068 1702 3121 mittit,
1742 3067 1817 3124 qui
1849 3071 2079 3125 tyrumum

603 3126 732 3171 facile
762 3126 900 3170 vincit
929 3129 974 3170 et
1004 3126 1178 3170 occidit.
1209 3124 1353 3180 (Oros.
1376 3126 1418 3180 7,
1449 3099 1539 3178 36’.)

60 3250 62 3254 y
151 3184 238 3272 399
301 3185 414 3231 1152
475 3185 503 3231 5
564 3185 665 3230 Cos.
698 3188 801 3230 sunt
819 3186 983 3242 Eutrop
984 3187 1071 3239 iae,
1101 3185 1377 3242 praepositus
1409 3197 1445 3230 s.
1473 3184 1662 3229 cubiculi
1694 3183 1808 3243 apud
1831 3184 2078 3240 Arcadium,

605 3249 650 3290 et
679 3200 1333 3298 Fl.1alliuspTheodor-ue‚cui
1365 3243 1630 3289 Claudianus
1662 3243 1917 3302 dignitatem
1957 3257 2079 3289 suam

612 3305 853 3363 gratulatur
873 3305 1063 3348 carmine
1086 3312 1208 3347 xvu.
1260 3303 1350 3348 Sed
1380 3304 1454 3348 ille
1475 3316 1689 3349 summum
1709 3304 1931 3361 potentiae
1959 3303 2079 3348 fasti

606 3366 725 3423 gium
756 3363 961 3422 adeptus,
1005 3363 1168 3407 Gaiano
1204 3363 1371 3408 artibus
1402 3363 1689 3417 subvertitur,
1729 3376 1879 3408 mense
1909 3363 2079 3408 Ianuar.

604 3425 762 3468 medio.
829 3423 1017 3468 Nomine
1063 3422 1159 3466 eius
1204 3421 1330 3467 fastis
1376 3435 1502 3468 eraso
1542 3422 1796 3467 Theodorus
1837 3422 1958 3468 solus
2007 3436 2081 3482 ap·

605 3486 741 3540 paret.
803 3482 855 3527 In
883 3483 1111 3527 Britannia
1139 3494 1238 3526 cum
1271 3482 1407 3528 Pictis
1438 3496 1489 3527 ac
1522 3482 1669 3527 Scotis
1700 3486 1931 3541 pugnatur.

8 3515 10 3527 V
152 3537 242 3584 400
304 3539 417 3586 1153
478 3543 505 3588 6
569 3544 670 3588 Cos.
701 3543 767 3587 Fl.
798 3542 1041 3588 Stilichone
1072 3545 1117 3587 et
1146 3541 1380 3587 Aureliano
1413 3545 1553 3587 status
1584 3541 1987 3600 Constantinopolis
2018 3549 2081 3587 at·
