2392 4016
289 203 322 237 x
1086 194 1147 234 De
1177 195 1409 234 auctoribus

287 340 565 396 praecipuum
596 339 806 392 habuerit,
838 340 953 396 quod
985 340 1132 396 populi
1164 343 1208 383 et
1239 340 1438 383 civitates
1470 339 1680 395 originem
1712 352 1832 382 suam
1865 342 2074 394 perpetua
2101 352 2202 395 qua-

289 411 386 454 dam
417 410 695 454 traditionum
727 411 837 454 serie
869 414 913 454 et
945 412 1162 455 constanti
1191 411 1411 454 hominum
1441 411 1722 466 persuasione
1754 424 1809 453 ex
1839 410 1991 453 ultima
2019 412 2203 467 antiqui-

287 485 375 525 tate
416 483 690 538 repetebant,
731 483 805 538 qui
842 482 938 526 fons
978 495 1209 538 numquam
1249 482 1484 524 exhaustus
1523 484 1567 524 et
1606 481 1741 536 epicis
1779 484 1823 524 et
1851 481 2031 537 tragicis
2061 483 2203 537 poetis

287 554 503 609 insignem
534 554 701 609 copiam
733 556 1081 610 argumentorum
1111 554 1322 609 praebuit,
1364 565 1474 607 quae
1505 553 1773 608 explicarent
1802 554 1847 595 et
1874 553 2050 609 ingenio
2081 565 2204 597 exor-

291 627 456 668 narent.
506 624 629 668 Hanc
660 625 794 681 igitur
824 626 1029 669 historiae
1060 628 1225 681 partem
1257 637 1354 667 cum
1386 636 1441 667 ex
1469 624 1580 679 ipsis
1607 626 1753 678 poetis,
1782 624 1993 679 imprimis
2014 625 2205 678 Homero,

288 699 380 739 tum
416 709 518 739 vero
564 709 620 739 ex
656 697 899 747 Apollodori
939 698 1179 739 bibliotheca
1215 697 1391 751 mythica
1428 696 1670 751 ceterisque
1707 698 2013 752 mychoyraphis
2050 697 2205 749 (etiam

290 769 469 811 Diodori
498 769 607 812 libro
639 768 815 824 quarto)
849 768 1115 824 colligimus,
1156 767 1370 823 permulta
1405 767 1535 810 etiam
1565 767 1799 810 Pausanias
1828 769 2094 824 suppeditat,
2132 771 2207 825 qui

291 853 388 882 cum
431 841 564 883 altero
604 842 706 895 post
737 839 955 883 Christum
993 843 1140 883 natum
1179 838 1353 882 saeculo
1394 838 1455 890 (a.
1490 838 1600 889 174)
1634 838 1841 882 Graeciae
1872 840 2207 897 descriptionem

291 911 440 954 decem
472 912 593 955 libris
627 914 917 967 componeret,
955 912 1000 954 id
1030 911 1240 967 imprimis
1273 911 1377 967 egit,
1414 913 1464 953 ut
1491 911 1807 954 remotissimae
1838 913 2107 968 antiquitatis
2134 925 2208 956 ve-

291 983 422 1038 stigia
451 987 785 1040 recognosceret
815 985 1147 1039 memoriamque
1177 985 1416 1026 renovaret.
1476 982 1713 1036 Plutarchi,
1754 996 1881 1039 quern
1912 996 2044 1040 supra
2071 985 2207 1028 nomi-

291 1055 507 1108 navimus,
541 1068 596 1098 ex
625 1056 704 1098 hac
735 1056 914 1111 periodo
944 1057 1033 1099 vita
1064 1059 1131 1099 est
1162 1056 1334 1099 Thesei.

407 1126 555 1168 Altera
567 1127 775 1181 periodus,
807 1127 979 1170 deserta
1006 1129 1092 1170 iam
1124 1141 1149 1170 a
1178 1128 1320 1183 poetis
1352 1139 1431 1170 nec
1460 1128 1606 1170 tamen
1625 1126 1902 1172 historiarum
1921 1127 2206 1184 scriptoribus

291 1197 508 1252 frequens,
547 1199 586 1241 si
615 1201 733 1242 recte
764 1199 1063 1254 intelligimus,
1101 1200 1148 1242 in
1177 1200 1339 1242 maiore
1371 1199 1502 1242 etiam
1532 1198 1796 1241 obscuritate
1826 1200 2036 1242 versatur.
2096 1199 2207 1242 Nam

292 1281 390 1310 cum
419 1269 543 1311 valde
576 1270 798 1326 cupiamus
829 1271 882 1313 de
920 1271 1050 1314 rebus
1081 1271 1268 1327 publicis
1299 1283 1376 1326 per
1409 1269 1635 1313 Graeciam
1664 1270 1877 1313 institutis
1908 1270 2047 1326 deque
2074 1272 2208 1315 variis

294 1353 440 1382 earum
473 1339 621 1384 formis
654 1341 814 1395 doceri,
844 1343 1033 1385 maxima
1062 1343 1244 1398 penuria
1274 1344 1499 1386 auctorum
1528 1342 1794 1386 laboramus:
1833 1353 1946 1385 unus
1975 1342 2211 1386 Herodotus

293 1412 422 1454 etiam
452 1412 563 1455 hanc
594 1413 798 1456 historiae
829 1417 1010 1470 partem,
1041 1427 1122 1457 nec
1154 1417 1298 1457 tamen
1327 1413 1416 1456 fere
1448 1414 1535 1456 nisi
1554 1414 1994 1457 Lacedaemoniorum
2015 1417 2060 1458 et
2077 1413 2210 1458 Athe·

292 1483 508 1526 niensium
539 1486 583 1527 et
615 1484 932 1528 Corinthiorum
962 1498 1055 1539 res,
1093 1485 1341 1541 frequenter
1379 1498 1404 1527 a
1434 1485 1644 1540 peculiari
1673 1488 1927 1541 argumento
1958 1499 2039 1530 suo
2069 1487 2209 1543 digre-

294 1555 431 1608 diens,
461 1555 662 1599 illustrat.
726 1557 844 1608 (Huc
874 1558 1063 1613 pertinet
1093 1567 1199 1600 totus
1216 1559 1351 1612 ferme
1383 1558 1484 1599 liber
1515 1559 1699 1610 quintum
1737 1559 1975 1612 praeterea,
2006 1561 2057 1602 ut
2086 1562 2206 1602 nota·

294 1627 470 1670 biliores
510 1627 631 1670 locos
662 1628 859 1681 laudem,
899 1629 996 1671 vide
1028 1628 1080 1670 de
1111 1628 1367 1672 Lacedaem.
1401 1629 1449 1682 1,
1481 1627 1537 1672 65
1560 1641 1641 1684 sq.,
1681 1628 1730 1681 6,
1761 1627 1819 1672 52
1840 1641 1921 1684 sq.,
1968 1629 2022 1672 de
2050 1629 2207 1673 Athen.

297 1699 344 1751 1,
373 1697 430 1742 59
455 1711 539 1753 sq.,
571 1699 623 1741 de
656 1699 891 1743 Corinthiis
923 1700 972 1752 3,
1002 1699 1059 1743 49
1090 1699 1182 1755 sq.)
1251 1700 1502 1744 Ceterorum
1542 1700 1800 1756 scriptorum
1838 1700 2052 1756 imprimis
2092 1702 2211 1745 adhi-

295 1770 424 1814 bendi
455 1773 557 1814 sunt
585 1771 833 1814 Plutarchus
861 1772 907 1814 in
937 1772 1039 1814 vitis
1070 1773 1257 1828 Lycuryi
1287 1774 1331 1815 et
1352 1772 1531 1825 Solonis,
1562 1773 1798 1814 Pausanias
1828 1784 1927 1814 cum
1957 1772 2054 1815 aliis
2084 1773 2210 1826 lociS,

295 1844 388 1885 tum
417 1843 463 1885 in
492 1842 748 1886 Messenicis
781 1844 873 1886 sive
903 1844 1014 1887 libro
1044 1845 1088 1897 4,
1119 1845 1195 1887 ubi
1224 1844 1338 1887 bella
1367 1845 1479 1887 inter
1508 1844 1876 1887 Lacedaemonios
1906 1846 1952 1886 et
1969 1844 2211 1888 Messenios

297 1916 422 1970 gesta
452 1914 514 1956 ita
543 1916 726 1967 enarrat,
767 1918 816 1958 ut
845 1915 972 1958 facile
1005 1918 1210 1971 appareat
1240 1928 1339 1958 eum
1369 1916 1477 1959 nihil
1506 1916 1594 1959 nisi
1623 1916 1793 1968 Rhiani,
1812 1915 2000 1971 poetae,
2038 1907 2212 1960 carmen

218 2035 220 2037 ,
300 1986 470 2041 epicum
501 1986 766 2039 contrahere,
802 1987 1055 2043 Thucydides
1084 1987 1158 2030 lib.
1183 1987 1222 2040 l,
1257 2001 1294 2031 c.
1311 1986 1394 2030 126
1425 1987 1480 2030 de
1511 1986 1692 2042 Cylonis
1720 1987 1906 2043 piaculo,
1936 1987 2010 2030 lib.
2027 1987 2068 2040 6,
2100 2001 2136 2031 c.
2155 1987 2212 2032 54

298 2057 412 2100 -59
444 2057 497 2100 de
526 2056 863 2101 Atheniensibus
895 2059 1266 2102 Pisistratidarum
1297 2059 1518 2102 dominatu
1547 2058 1755 2101 liberatis.

415 2128 503 2171 Sed
534 2131 654 2171 tertia
679 2131 893 2184 periodus,
935 2133 1143 2185 quantum
1174 2130 1347 2185 quidem
1384 2130 1523 2173 tribus
1554 2130 1844 2173 monumentis
1876 2131 2214 2176 clarissimorum

296 2201 566 2256 ingeniorum
595 2199 689 2244 fieri
718 2202 881 2256 potuit,
918 2202 964 2244 in
1002 2202 1190 2244 maxima
1227 2202 1324 2244 luce
1363 2201 1507 2256 posita
1542 2204 1623 2243 est.
1680 2201 1802 2244 ‘Nam
1832 2202 2065 2245 Herodotus
2101 2204 2216 2247 bella

297 2271 475 2314 Persica
501 2284 599 2314 cum
629 2286 655 2315 a
683 2274 821 2328 primo
850 2274 974 2316 initio
1004 2274 1248 2328 repetisset,
1279 2285 1416 2327 usque
1446 2272 1502 2315 ad
1533 2272 1748 2328 duplicem
1781 2272 2045 2316 Graecorum
2075 2275 2212 2318 victo-

298 2344 419 2395 riam,
451 2345 701 2387 terrestrem
731 2346 847 2400 apud
874 2345 1088 2398 Plataeas,
1128 2346 1324 2388 navalem
1355 2344 1411 2387 ad
1441 2345 1640 2400 Mycalen
1669 2345 2024 2400 promontorium,
2063 2349 2107 2389 et
2138 2347 2215 2390 Se-

300 2417 414 2458 stum
446 2429 471 2458 a
499 2415 767 2472 Xanthippo,
797 2415 954 2459 Athen.
987 2417 1109 2470 duce,
1142 2419 1433 2473 expugnatam
1463 2417 1518 2468 (a.
1539 2415 1644 2466 479)
1675 2417 1999 2460 accuratissime
2031 2421 2214 2462 enarrat.

305 2487 572 2543 Thucydides,
607 2487 890 2544 gravissimus
921 2490 1048 2532 testis
1080 2502 1130 2531 ac
1161 2489 1347 2545 diligens
1378 2501 1521 2531 rerum
1541 2489 1839 2544 investigator,
1869 2501 2127 2544 quamquam
2147 2501 2217 2533 so-

302 2560 391 2602 lum
421 2559 583 2603 bellum
611 2559 1028 2615 Peloponnesiacum
1061 2573 1107 2603 se
1139 2561 1455 2616 descripturum
1485 2558 1724 2616 profitetur,
1758 2562 1903 2602 tamen
1933 2561 1995 2603 ita
2022 2574 2114 2604 rem
2144 2562 2216 2605 de-

302 2632 392 2675 dita
422 2644 554 2687 opera
582 2631 753 2674 videtur
783 2631 1047 2684 instituisse,
1087 2635 1136 2675 ut
1167 2633 1296 2675 altius
1326 2631 1563 2689 repetendo
1596 2631 1698 2687 (per
1727 2634 1866 2675 totum
1894 2645 2032 2687 paene
2060 2633 2218 2676 librum

299 2702 512 2760 primum)
559 2715 680 2745 suam
718 2702 942 2745 historiam
981 2716 1079 2746 cum
1119 2704 1337 2748 Herodoto
1377 2704 1679 2747 committeret.
1754 2702 1860 2745 Inde
1898 2715 2081 2746 exorsus
2119 2716 2217 2747 cum

300 2775 461 2818 bellum
489 2774 611 2827 illud,
645 2786 804 2829 magna
829 2775 1036 2817 varietate
1066 2777 1180 2818 terra
1209 2777 1402 2831 marique
1431 2789 1509 2831 per
1539 2774 1596 2818 28
1618 2786 1754 2817 annos
1786 2776 1971 2830 gestum,
2002 2787 2140 2831 usque
2163 2776 2218 2819 ad

303 2846 373 2889 21.
404 2859 563 2889 annum
593 2848 637 2888 et
665 2844 992 2889 Atheniensium
1022 2847 1247 2890 victoriam
1276 2848 1472 2890 navalem
1502 2859 1636 2902 prope
1656 2844 1859 2901 Abydum
1889 2846 2001 2899 (sive
2033 2847 2088 2890 ad
2119 2861 2218 2904 pro-

303 2919 561 2961 montorium
594 2914 887 2972 Cynossema)
919 2917 983 2960 01.
1020 2918 1090 2971 92,
1121 2919 1163 2971 2,
1203 2933 1240 2961 a.
1276 2919 1374 2962 Chr.
1405 2918 1490 2962 411
1525 2918 1755 2974 diligenter
1777 2920 2047 2973 persecutus
2086 2922 2217 2972 esset,

302 3003 383 3033 nec
414 2993 550 3032 morte
580 2990 816 3045 occupatus
853 2988 1059 3044 perficere
1098 3004 1190 3034 rem
1232 2992 1468 3047 potuisset,
1509 2990 1682 3044 excepit
1709 2988 1833 3031 illum
1861 2990 2108 3044 Xenophon,
2145 3003 2219 3034 ne-

306 3075 520 3118 quaquam
551 3061 647 3116 pari
676 3061 866 3116 ingenio,
899 3061 979 3104 sed
1009 3064 1152 3105 tamen
1182 3063 1221 3105 is
1255 3063 1452 3118 scriptor,
1485 3061 1557 3103 cui
1587 3060 1772 3103 similem
1804 3060 1843 3103 si
1870 3063 2025 3116 postea
2041 3062 2218 3105 habere-

305 3126 424 3186 mus,
466 3133 686 3189 praeclare
717 3132 944 3175 nobiscum
982 3134 1055 3189 agi
1085 3133 1444 3176 existimaremus.
1510 3132 1568 3174 Et
1595 3131 1770 3175 hercule
1799 3145 1947 3186 parem
1975 3132 2221 3188 Thucydidi

305 3219 448 3249 rerum
479 3207 700 3248 auctorem
729 3217 818 3247 non
848 3204 974 3247 facile
1004 3204 1216 3258 invenias,
1257 3206 1331 3260 qui
1359 3203 1511 3260 procul
1541 3205 1731 3245 remotus
1763 3216 1789 3245 a
1818 3204 2095 3247 contentione
2124 3219 2220 3261 par-

305 3278 427 3330 tium,
461 3276 539 3320 sed
569 3277 749 3319 eandem
780 3279 925 3319 tamen
954 3277 1140 3319 maxime
1171 3279 1390 3333 expertus,
1423 3276 1492 3319 sui
1513 3274 1794 3318 obliviscatur
1822 3277 1866 3318 et
1887 3287 2036 3319 omnes
2055 3276 2221 3332 ingenii

309 3349 422 3391 vires
456 3349 510 3391 ad
541 3348 914 3404 contemplandam
945 3361 995 3391 ac
1027 3348 1355 3392 describendam
1393 3359 1665 3392 communem
1695 3346 1984 3390 calamitatem
2012 3348 2220 3401 intendat,

306 3423 524 3475 tamquam
554 3421 687 3463 iudex
716 3420 1010 3472 inexorabilis,
1041 3433 1180 3475 neque
1211 3422 1257 3463 in
1286 3422 1426 3463 utram
1455 3422 1622 3476 partem
1653 3420 1748 3475 ipse
1778 3418 1972 3471 inclinet,
2002 3431 2108 3462 voce
2128 3421 2219 3463 vul-

307 3493 409 3534 tuve
440 3491 703 3547 significans.
775 3492 882 3535 Tam
914 3504 1088 3547 gravem
1124 3492 1322 3535 historici
1359 3503 1589 3547 personam
1620 3491 1834 3534 sustinere
1864 3489 2110 3545 Xenophon
2139 3504 2219 3534 nec

312 3562 453 3620 potuit
483 3574 562 3604 nec
593 3563 762 3607 videtur
800 3563 1003 3618 voluisse,
1035 3563 1114 3606 sed
1145 3563 1333 3607 omnium
1363 3563 1570 3606 virtutum
1603 3574 1749 3605 amans
1780 3561 2002 3604 historiam
2024 3561 2079 3604 ad
2096 3561 2230 3605 insti--
