2392 4016
652 188 704 227 ab
735 198 843 227 anno
873 198 915 238 p.
932 148 1028 228 ch'r.
1062 186 1121 229 w
1148 196 1278 236 usque
1309 186 1363 227 sd
1393 196 1543 225 annum
1578 185 1646 225 75.
1812 222 1818 228 ,
2035 183 2121 230 158

613 376 690 424 ·(2
722 377 914 424 Caeffina
942 377 1362 431 Pssumfiiaenauun
1391 377 1721 422 habeuuilufib
1753 378 1965 430 tiendum
2002 389 2124 433 pun>

637 439 732 482 tore
771 438 957 492 urbano,
984 438 1071 483 -cui
1107 450 1207 484 cnm
1246 437 1485 490 siut-asset,
1525 435 1723 480 succedit
1762 437 1828 479 ΡΙ.
1862 436 2126 479 Domitiana·

638 508 737 540 cum
768 500 986 555 potestate
1017 494 1271 550 consulari.)
1321 495 1462 540 Etiam
1496 494 1719 552 Lingones
1750 509 1801 539 ac
1825 495 2011 548 Treviri,
2042 495 2125 540 Ba-

641 558 840 600 tavorum
869 556 1116 615 exemplum
1145 556 1305 610 secuti,
1335 568 1364 599 a
1383 555 1510 600 Rom.
1540 553 1763 607 deficiunt,
1794 554 1979 600 ducibus
2003 553 2125 599 Clas·

643 616 752 669 sico,
783 616 982 673 Iulioque
1018 615 1197 670 Tutore,
1229 618 1275 660 et
1303 614 1424 672 ipsas
1455 614 1653 671 legiones
1685 613 1919 666 Romanas,
1949 613 2127 658 seditio-

643 675 774 720 nibus
861 675 1095 727 rturbatas‚
1125 674 1188 719 ad.
1211 676 1530 719 sacramentum
1561 685 1640 730 pro
1671 673 1854 729 imperio
1887 671 2125 717 Galliarum

643 687 891 779 faciemffin
922 733 1118 791 adigunt.
1168 733 1280 779 Sed
1309 733 1454 777 medio
1484 744 1599 776 anno
1637 732 1682 776 in
1714 731 1858 776 locum
1889 731 2126 776 Hordeonii

628 793 794 839 Flacci
831 806 858 836 a
895 794 989 838 suis
1019 792 1236 837 militibus
1275 793 1415 837 occisi
1452 791 1669 849 superiori
1700 790 1846 835 Germ.
1879 791 2128 848 praeficitur

640 851 812 897 Annius
845 851 1014 906 Gallus,
1041 851 1238 897 inferiori
1270 850 1320 904 Q.
1352 851 1532 895 Petilius
1556 851 1734 894 Ceriali»
1765 849 1949 894 Caesius
1973 851 2127 902 Rufus,

535 908 543 914 '
642 912 719 969 qui
750 911 956 956 Treviros
996 912 1042 956 in
1081 914 1344 969 potestatem
1379 910 1563 968 redigit,
1603 911 1732 955 etiam
1766 909 1920 955 Civilis
1958 910 2128 955 duobus

540 1005 543 1012 .
640 970 823 1029 proeliis
853 971 996 1016 victus
1017 971 1084 1015 -ad
1114 984 1268 1028 pacem
1299 970 1530 1028 petendam
1553 970 1842 1026 compellitur.
1890 969 2027 1014 Iulius
2049 970 2128 1014 Sa-

640 1031 788 1084 binus,
811 1030 996 1133 lTrevir,
1035 1032 1080 1075 in
1112 1033 1395 1075 monumento
1434 1029 1621 1086 quodam
1661 1029 1835 1073 abditus
1867 1042 1944 1086 per
1974 1042 2128 1073 novem

641 1102 781 1135 annos
829 1092 933 1134 atet.

703 1149 869 1195 Eodem
908 1151 1104 1206 tempore
1137 1148 1266 1194 Titus
1298 1147 1463 1193 Caesar
1492 1149 1803 1205 Hierosolyma,
1843 1147 1984 1192 tribus
2015 1160 2131 1192 moe-

484 1215 535 1252 tr.
646 1209 776 1253 nibus
807 1211 854 1254 et
882 1208 1070 1254 600000
1098 1208 1212 1253 hom.
1245 1208 1523 1253 multitudine
1555 1207 1749 1261 defensa,
1781 1220 2034 1264 expugnare
2065 1208 2129 1251 in-

470 1274 556 1324 pot·
646 1268 756 1325 cipit
791 1269 969 1312 ineunte
1005 1267 1132 1326 Apr.,
1170 1268 1380 1325 templum
1417 1266 1631 1324 deflagrat
1676 1267 1745 1311 10.
1775 1267 1905 1323 Aug„
1953 1266 2130 1310 ultimus

450 1355 454 1359 -
501 1331 527 1371 2
645 1340 796 1372 murus
828 1328 1000 1385 capitur
1038 1327 1079 1372 7.
1109 1327 1240 1385 Sept:
1281 1327 1455 1372 ludaeis
1486 1340 1566 1384 per
1594 1330 1733 1372 totum
1764 1326 1868 1383 imp.
1900 1325 2026 1370 Rom.
2057 1327 2131 1369 tri-

644 1387 796 1430 butum
828 1400 1019 1430 annuum
1049 1387 1248 1431 bmarum
1280 1386 1533 1431 drachmum
1553 1386 1807 1443 imponitur,
1839 1398 1895 1428 ex
1917 1398 2003 1442 quo
2024 1388 2131 1428 tem-

646 1446 767 1502 plum
803 1445 924 1491 Iovis
964 1445 1203 1503 Capitolini
1239 1447 1511 1490 restituatur.
1584 1445 1676 1490 Sed
1711 1457 1895 1500 regnum
1933 1444 2131 1488 Ituraeae

642 1506 863 1563 Agrippae
900 1505 1060 1551 minori
1097 1509 1317 1550 servatum
1358 1508 1463 1559 est,¹
1498 1505 1625 1549 cuius
1673 1516 1865 1547 sororem
1904 1504 2131 1547 Berenicen

647 1564 775 1609 Titus
806 1564 988 1621 deperit.

703 1624 1019 1682 Vespasianus,
1050 1626 1239 1668 exeunte
1270 1626 1438 1668 aestate
1471 1623 1654 1667 Romam
1686 1634 1905 1675 reversus,
1937 1622 2132 1666 modera-

648 1683 819 1728 tissime
841 1696 891 1728 se
911 1684 1039 1740 gerit,
1069 1696 1211 1740 neque
1231 1686 1379 1727 tamen
1399 1683 1622 1727 hominum
1642 1682 2004 1739 vituperationem
2026 1682 2133 1726 effu·

649 1743 727 1800 git,
765 1745 985 1799 tamquam
1027 1743 1228 1788 sordibus
1270 1755 1321 1786 ac
1362 1743 1575 1800 pecuniae
1605 1741 1878 1798 colligendae
1909 1741 2038 1785 nimis
2069 1742 2134 1785 in·

645 1805 807 1846 tentus.
879 1802 1110 1846 Helvidius
1141 1802 1335 1855 Priscus,
1367 1804 1613 1858 praeturam
1643 1801 1685 1844 h.
1718 1814 1757 1844 a.
1790 1813 1970 1857 gerens,
2009 1801 2132 1845 Paeti

648 1861 869 1905 Thraseae
901 1874 1049 1918 gener,
1081 1861 1314 1905 immodica
1334 1861 1544 1905 adversus
1564 1860 1807 1917 principem
1828 1860 2028 1904 libertate
2050 1861 2133 1904 uti-

645 1923 731 1974 tur,
763 1923 855 1964 tum
876 1921 1051 1978 quidem
1071 1921 1253 1974 inultus,
1281 1920 1363 1965 sed
1382 1920 1570 1966 triennio
1593 1922 1695 1976 post
1713 1920 1758 1963 in
1779 1919 1958 1963 exilium
1979 1919 2133 1977 pulsus

645 1982 928 2084 niacztulsqffil
945 1981 1083 2025 invito
1106 1980 1396 2037 Vespasiano.
1443 1978 1707 2037 Capitolium
1739 1979 1911 2023 restitui
1931 1983 2132 2036 coeptum

486 2074 489 2078 -
649 2040 670 2084 l
773 2053 798 2083 a
819 2072 830 2084 .
931 2071 942 2083 .

218 2102 273 2147 71
338 2101 426 2146 824
608 2098 711 2144 Cos.
741 2099 848 2155 Imp.
881 2099 999 2155 Vesp.
1030 2099 1123 2152 ΙΙΙ,
1153 2099 1219 2142 M.
1258 2099 1449 2143 Cocceius
1478 2098 1623 2142 Nerea
1653 2095 1773 2150 (suff.
1805 2096 2014 2141 Cal.1un.
2036 2097 2134 2141 Fla·

646 2158 744 2203 vius
775 2157 1067 2212 Domitianus,
1101 2158 1233 2215 Vesp.
1266 2157 1342 2211 fil„
1375 2158 1578 2202 Valerius
1608 2157 1792 2209 Festum
1825 2155 1873 2200 C.
1899 2156 2133 2201 Arruntius

645 2216 858 2263 Catellius
890 2216 1032 2271 Celer,
1062 2218 1119 2261 M.
1150 2215 1384 2262 Arruntius
1415 2215 1607 2274 Aquila.)
1654 2216 1838 2260 Petilius
1871 2214 2055 2260 Cerialis
2087 2218 2131 2260 in

645 2276 919 2322 Britanniam
951 2289 1184 2322 successor
1200 2276 1337 2321 Vettii
1357 2276 1514 2321 Bolani
1534 2276 1711 2327 missus,
1740 2275 1997 2331 Brigantum
2028 2289 2133 2333 gen·

494 2341 545 2376 tr.
647 2338 736 2380 tem
768 2336 948 2393 subigit,
979 2335 1236 2381 administro
1267 2337 1313 2381 in
1344 2348 1396 2380 eo
1417 2336 1533 2380 bello
1557 2348 1662 2379 usus
1690 2335 1762 2377 Cn.
1785 2335 1895 2378 Iulio
1915 2336 2132 2392 Ayricola,

471 2401 558 2447 pot.
650 2395 796 2453 legato
826 2395 1029 2452 legionis.

505 2457 530 2495 8
708 2454 993 2511 Triumphum
1014 2454 1070 2499 de
1087 2453 1261 2499 Iudaeis
1279 2453 1638 2509 ducuntVespas.
1657 2455 1715 2506 et,
1736 2465 1815 2509 per
1826 2452 2132 2499 Alexandriam

647 2514 805 2558 itinere
835 2513 967 2567 facto,
997 2514 1094 2557 eius
1125 2512 1242 2557 filius
1274 2512 1401 2556 Titus
1425 2511 1600 2564 Caesar,
1630 2524 1758 2568 quem
1782 2511 1873 2555 Cal.
1897 2512 1977 2556 Iul.
2011 2517 2134 2571 pater

646 2573 691 2616 in
725 2572 1047 2617 consortionem
1080 2572 1340 2617 tribuniciae
1370 2571 1604 2628 potestatis
1633 2571 1830 2615 assumit.
1883 2572 2014 2617 Ianus
2036 2586 2134 2617 sex-

652 2634 743 2675 tum
767 2630 998 2685 clauditur,
1029 2631 1325 2688 templumque
1347 2630 1475 2675 Pacis
1497 2629 1750 2675 aedificatur
1771 2630 1928 2682 (dedic.
1950 2645 1988 2675 a.
2012 2632 2101 2683 75).

190 2723 193 2726 <
223 2691 280 2736 72
342 2690 429 2736 825
613 2690 722 2747 Imp.
756 2690 1030 2747 Vespasiano
1050 2690 1127 2743 lv,
1160 2690 1261 2734 Tito
1282 2690 1324 2734 11
1357 2701 1448 2733 cos.
1482 2688 1793 2745 Commagene,
1825 2690 2027 2748 adempta
2047 2692 2134 2735 An·

263 2780 266 2786 ·
506 2749 534 2795 4
655 2749 801 2793 tiocho
831 2749 942 2819 regi,
972 2750 1018 2794 in
1050 2749 1300 2806 provinciae
1331 2748 1512 2794 formam
1532 2747 1768 2805 redigitur;
1799 2749 1997 2794 coloniae
2019 2756 2133 2794 vete·

182 2844 187 2847 .
652 2820 854 2852 ranorum
886 2821 932 2853 in
952 2807 1158 2853 Iudaeam
1190 2807 1465 2854 deducuntur
1492 2807 1725 2860 (Emmaus
1757 2807 1851 2852 sive
1873 2808 2134 2867 Nicopolis.)

184 2903 189 2906 .
226 2867 285 2917 ‘13
345 2867 432 2913 826
612 2866 716 2912 Cos.
738 2866 917 2912 Flavius
937 2866 1213 2912 Domitianus
1242 2866 1308 2921 11,
1339 2867 1395 2912 u.
1417 2866 1619 2912 Valerius
1642 2866 1938 2920 Messalinus.)
2004 2868 2133 2926 Vesp.

307 2954 311 2958 ,
390 2957 393 2963 .
654 2925 859 2980 Achaiae,
889 2925 1068 2983 Lyciae,
1100 2926 1199 2971 aliis
1231 2926 1481 2972 civitatibus
1511 2925 1755 2971 libertatem
1786 2926 1937 2971 adimit
1967 2926 2134 2985 Cappa·

654 2983 908 3042 deciesque,
930 2997 1041 3042 quae
1062 2984 1167 3031 olim
1187 2986 1403 3043 equestris
1424 2984 1648 3042 provincia
1669 2983 1809 3028 fixerat
1828 2985 1901 3037 (cf.
1924 2999 2023 3030 ann.
2041 2987 2134 3040 5⁴),

653 3043 696 3088 le
731 3044 740 3054 ⁰
773 3056 851 3089 nes
880 3057 934 3089 ac
965 3044 1236 3089 consularem
1268 3045 1458 3100 legatum
1489 3043 1709 3100 imposuit.

618 3101 658 3148 Δ
679 3056 771 3148 5⁸⁰
804 3102 887 3156 .V,
917 3102 1019 3148 Tito
1040 3103 1105 3149 111
1137 3116 1228 3148 cos.
1260 3103 1501 3159 iisdemque
1532 3101 1790 3146 censoribus
1820 3101 1939 3155 (cos.
1962 3103 2059 3147 suff.
2083 3103 2133 3157 Q.

649 3160 714 3207 Pe
868 3161 1053 3207 Cerialis
1084 3162 1150 3215 11,
1192 3162 1244 3207 T.
1274 3162 1435 3219 Eprius
1464 3160 1696 3206 namen-ns
1729 3160 1797 3213 11)
1830 3161 2028 3206 ultimum
2070 3163 2133 3206 lu·

655 3222 795 3266 deum
814 3219 932 3273 (72.)
954 3221 1176 3266 conditum
1198 3224 1289 3266 ests
1319 3220 1567 3278 philosophi
1589 3220 1728 3264 Stoici
1751 3224 1795 3263 et
1817 3219 1974 3278 Cynici
1998 3221 2134 3265 Roma

511 3278 538 3322 6
657 3278 898 3336 pellunturz
940 3280 1020 3324 sed
1050 3279 1323 3336 eloquentiae
1352 3280 1575 3337 magistris
1605 3283 1650 3323 et
1680 3279 1817 3322 honos
1849 3279 2052 3334 habetur,
2091 3285 2136 3325 et

652 3350 799 3382 annua
826 3341 1014 3384 centena
1042 3339 1248 3383 sestertia
1276 3338 1435 3386 salario
1466 3338 1636 3384 dantur.

228 3396 286 3442 75
346 3395 434 3442 828
612 3394 714 3442 Cos.
877 3396 1175 3455 Vespasianus
1198 3397 1281 3451 Vl,
1312 3397 1440 3443 Titus
1472 3397 1636 3442 Caesar
1667 3396 1727 3440 lv
1758 3395 1885 3450 (suff.
1919 3397 2126 3443 Domitia-

512 3454 538 3500 '1
657 3467 739 3500 nus
769 3454 790 3500 1
828 3486 848 3509 ‚
878 3454 928 3500 C.
947 3455 1147 3501 Licinius
1177 3456 1404 3502 lucianus
1434 3456 1547 3509 111.)
1583 3457 1688 3502 Sex.
1721 3455 1857 3500 lulius
1895 3457 2132 3502 Frontinus

650 3513 903 3561 Britannus
932 3515 1180 3572 praefectus
1209 3515 1402 3561 Silurum
1435 3520 1609 3571 gentem
1640 3514 1820 3572 subigit.

191 3134 195 3140 -
231 3104 287 3150 74
350 3103 436 3149 827
