2392 4016
563 263 614 309 ab
645 280 750 308 anno
782 281 819 308 a.
842 262 936 310 chr.
960 267 1014 309 69
1047 280 1175 318 nsque
1203 269 1257 309 ad
1287 281 1435 309 annum
1457 270 1528 310 63.
1925 269 2011 316 116

75 427 105 452 a.
119 415 205 451 Chr.
256 426 294 450 u.
308 426 342 450 c·

276 467 330 505 41
412 483 414 497 ι
465 458 611 516 lisque
641 458 728 504 120
758 459 914 517 captis,
943 460 1093 506 multis
1121 459 1346 505 hominnm
1373 459 1551 504 milibus
1582 464 1659 504 aut
1688 462 1848 506 occisis
1870 464 2011 507 autin

254 523 341 564 Cic.
454 517 808 572 ¹mediterraneas
840 519 1043 577 regiones
1073 519 1311 564 translatis.
1358 518 1512 563 Eidem
1542 519 1751 576 Pompeio
1783 522 1880 579 lege
1913 523 2011 565 Ma-

316 607 318 611 ‚
467 579 573 622 uilia
604 577 653 622 C.
684 578 849 625 Manilii
888 581 943 623 tr.
971 578 1033 636 pl.
1073 578 1279 631 (suasore
1317 578 1382 622 J!-
1418 579 1557 622 Min
1599 579 1789 623 Cicerone
1823 591 2013 636 praetore

469 636 523 681 de
551 637 833 693 repetundis)
864 637 1026 682 bellum
1057 641 1210 682 contra
1228 637 1523 682 Mithridatem
1541 637 1803 682 decernitur.
1853 640 2010 684 Subito

467 709 613 741 rerum
641 699 784 741 status
813 699 1025 742 mutaturz
1056 696 1327 742 Mithridates
1349 696 1693 756 Cappadociaet
1711 698 1918 742 Armenia
1937 713 2011 743 ex·

466 755 657 812 pellitur,
687 756 830 800 victus
859 758 1072 801 nocturno
1104 755 1159 799 ad
1177 756 1444 812 Euphratem
1472 756 1639 813 proelio
1670 756 1932 814 (Nicopolis)
1964 759 2009 801 in

468 813 723 859 Colchidem
744 814 870 872 fugit.
912 814 1126 872 Tigranes
1147 816 1404 872 perterritus
1425 816 1612 873 supplex
1632 817 1679 859 in
1699 820 1843 860 castra
1858 817 2007 875 Pomp.

467 873 606 928 venit,
632 887 816 931 regnum
832 872 1076 930 ,Armeniae
1107 875 1150 919 ei
1178 875 1438 929 restituitur,
1477 876 1557 920 sed
1588 875 1792 931 Sophene
1825 879 1869 920 et
1901 875 2008 921 Gor-

467 933 609 989 dyene
641 933 858 981 adimitur.

508 990 719 1037 vAfricam
750 1005 806 1036 ex
835 994 1039 1049 praetura
1067 992 1182 1049 regit
1210 991 1262 1036 L.
1295 992 1477 1049 Sergius
1511 992 1712 1038 Catilina.
1777 993 1824 1037 C.
1857 994 2007 1051 Aquil-

464 1051 550 1097 lius
574 1050 727 1097 Gallus
758 1055 894 1109 praet.
927 1052 1020 1096 urb.
1052 1051 1259 1096 formulas
1291 1051 1346 1095 de
1368 1051 1469 1096 dolo
1490 1053 1603 1096 malo
1626 1054 1790 1110 primus
1813 1054 2007 1111 protulit.

469 1110 664 1167 (Reliqui
692 1124 793 1155 cum
824 1110 917 1155 Cic.
948 1114 1171 1167 praetores
1202 1110 1377 1155 fuerunt
1404 1111 1455 1154 P.
1488 1110 1684 1166 Cassius,
1717 1112 1767 1165 Q.
1786 1112 2008 1157 Voconius

466 1169 604 1224 Naso,
632 1170 688 1213 M.
710 1170 971 1224 Plaetorius,
993 1169 1042 1214 C.
1063 1170 1321 1223 Flaminius,
1344 1169 1393 1214 C.
1416 1170 1663 1224 Orchivius,
1688 1170 1737 1215 C.
1758 1170 2008 1224 Antonius.)

469 1228 563 1274 Cic.
597 1242 774 1274 causam
805 1230 898 1286 agit
925 1229 979 1273 A.
1011 1228 1206 1274 Cluentii
1236 1229 1292 1272 de
1323 1228 1534 1273 veneficio
1567 1231 1778 1274 accusati.

529 1287 631 1334 Cos.
671 1288 893 1346 designati
931 1289 981 1332 P.
1018 1288 1260 1333 Autronius
1297 1287 1481 1342 Paetus,
1526 1289 1576 1332 P.
1617 1289 1847 1333 Cornelius
1887 1289 2010 1333 Sulla

466 1348 657 1392 ambitus
688 1347 968 1401 damnantur,
1006 1350 1285 1392 accusatores
1323 1348 1370 1391 in
1408 1360 1558 1393 eorum
1591 1347 1737 1392 locum
1768 1348 1879 1392 fiunt
1908 1361 2010 1393 con·

467 1407 586 1451 sules
1947 1406 1950 1408 ’

130 1465 187 1511 65
269 1464 355 1511 689
382 1511 386 1515 ,
416 1466 472 1509 L.
502 1465 700 1509 Aurelius
734 1464 867 1518 Cotta,
899 1466 955 1508 L.
985 1465 1176 1508 Manlius
1211 1462 1481 1519 Torquatus.)
1542 1465 1694 1522 Pomp.
1716 1466 2007 1510 Mithridatem

334 1559 337 1562 »
465 1525 511 1569 in
542 1524 788 1581 Bosporum
823 1522 1064 1580 fugientem
1103 1525 1404 1580 persequitur,
1442 1524 1637 1569 Albanos
1677 1525 1891 1579 devincit,
1931 1526 2010 1569 sed

272 1584 327 1623 35
463 1583 735 1641 longitudine
777 1583 944 1627 viarum
982 1582 1182 1627 defessus
1220 1584 1268 1627 in
1304 1583 1494 1627 Pontum
1531 1585 1783 1638 revertitur,
1823 1598 2008 1641 eumque

233 1642 354 1685 Caes.
465 1643 514 1687 in
541 1643 795 1700 provinciae
825 1641 1006 1686 formam
1036 1642 1214 1700 redigit.
1244 1666 1246 1668 >
1283 1641 1533 1686 Armeniam
1563 1645 1773 1687 minorem
1803 1644 2007 1688 Deiotaro

467 1701 718 1746 Galatarum
748 1702 991 1745 tetrarchae
1022 1701 1110 1755 dat,
1143 1702 1263 1745 socio
1294 1701 1427 1745 fideli.

523 1761 770 1818 Rogatione
803 1759 852 1804 C.
874 1761 1003 1818 Papii
1032 1762 1133 1804 trib.
1154 1761 1214 1817 pl.
1244 1761 1467 1818 peregrini
1496 1761 1603 1804 urbe
1628 1761 1873 1815 efficiuntur,
1904 1774 2008 1818 quo-

370 1856 374 1859 .
465 1834 562 1864 rum
590 1821 748 1877 ingens
779 1833 985 1864 numerus
1007 1820 1202 1863 Romam⁴
1220 1819 1519 1864 confluxisset.
1572 1819 1622 1863 L.
1647 1819 1835 1864 Catilina
1866 1821 1919 1864 de
1942 1834 2008 1864 re·

466 1879 672 1937 petundis
705 1879 965 1923 defendente
997 1878 1209 1923 Cicerone
1240 1880 1469 1923 absolutus
1501 1879 1620 1923 circa
1649 1879 1762 1923 Non.
1786 1880 1889 1923 Dec.
1922 1881 2007 1937 pri-

466 1952 583 1983 mam
623 1939 968 1983 coniurationem
1015 1938 1134 1982 facit.
1201 1938 1253 1982 L.
1293 1938 1542 1995 Torquatus
1581 1951 1672 1982 cos.
1711 1939 2009 1983 Macedoniam

467 2011 589 2055 prov.
623 1998 816 2042 sortitur.

444 2072 453 2114 ζ
528 2056 657 2101 Cens.
690 2057 826 2102 creati
855 2057 911 2100 M.
936 2055 1123 2101 Crassus
1154 2058 1200 2100 et
1231 2054 1280 2108 Q.
1301 2055 1483 2100 Catulus
1514 2069 1615 2100 cum
1646 2056 1700 2100 de
1733 2057 1831 2100 aliis
1862 2057 2009 2109 rebus,

437 2123 454 2167 ἡ
466 2119 559 2160 tum
604 2116 658 2160 de
695 2115 1000 2174 transpadanis
1038 2116 1086 2159 in
1132 2115 1354 2159 civitatem
1391 2115 1658 2171 recipiendis
1699 2115 2009 2159 dissentientes

441 2171 738 2223 {abdicarunt
796 2175 942 2219 Praet.
983 2175 1077 2219 Ser.
1111 2174 1356 2231 Sulpicius,
1405 2174 1457 2218 L.
1489 2175 1689 2228 Murena,
1741 2174 1790 2228 Q.
1826 2174 2010 2228 Gallius,

440 2224 551 2292 *quo
582 2236 782 2292 praetore
815 2233 907 2279 Cic.
938 2246 1017 2291 pro
1051 2233 1100 2278 C.
1134 2233 1338 2278 Cornelio
1369 2234 1614 2278 maiestatis
1645 2246 1720 2277 reo
1752 2235 1872 2278 dicit.
1924 2234 2011 2278 Ae-

469 2294 588 2397 (mess)
613 2293 786 2338 curules
809 2293 857 2338 C.
879 2294 1018 2338 Iulius
1041 2292 1203 2338 Caesar
1234 2295 1280 2337 et
1307 2293 1364 2336 M.
1385 2293 1586 2348 Bibulus,
1618 2296 1823 2350 quaestor
1851 2294 2010 2337 aerarii

465 2354 521 2397 M.
592 2356 678 2397 ato.
765 2387 769 2390 .

524 2412 578 2456 H.
619 2426 657 2456 a.
697 2425 734 2455 a.
775 2411 817 2454 d.
856 2421 907 2455 vl
938 2411 1003 2455 Id.
1045 2411 1152 2457 Dec.
1191 2414 1320 2456 natus
1359 2414 1429 2456 est
1454 2411 1676 2456 Venusiae
1719 2410 1768 2464 Q.
1800 2411 2007 2456 Horatius

466 2471 654 2516 Flaccus
683 2471 828 2528 poeta.

132 2531 189 2575 64
270 2532 359 2577 690
420 2530 522 2576 Cos.
553 2531 608 2574 L.
640 2531 777 2574 Iulius
812 2529 988 2583 Caesar,
1032 2530 1077 2573 Ο.
1108 2530 1300 2573 Marcius
1328 2530 1528 2584 Figulus,
1567 2529 1643 2585 qui
1685 2531 1814 2572 autea
1854 2528 1902 2572 C.
1933 2528 2011 2572 Mi-

466 2590 623 2634 nucius
657 2589 872 2634 Thermus
903 2585 1021 2642 fuit.)
1073 2588 1226 2645 Pomp.
1257 2588 1304 2631 in
1336 2587 1510 2644 Syriam
1539 2586 1848 2645 proficiscitur,
1882 2600 2010 2644 quam

466 2649 699 2706 Antiocho,
732 2648 764 2691 C
801 2647 941 2692 ziceni
969 2648 1132 2703 nepoti,
1162 2647 1270 2694 victi
1300 2646 1505 2703 Tigranis
1619 2647 1680 2691 lia
1709 2647 1887 2704 legenti,
1920 2647 2010 2690 adi-

466 2709 547 2752 mit
576 2704 629 2751 et'
649 2662 965 2752 in'ffgvinciae
987 2705 1215 2750 formulam
1235 2705 1409 2762 redigit.
1461 2705 1513 2749 L.
1528 2658 1708 2750 morena
1729 2719 1785 2750 ex
1807 2710 2012 2763 praetura

470 2766 659 2811 Galliam
674 2765 1003 2811 Narbonensem
1023 2766 1150 2823 regit,
1173 2777 1405 2810 successor
1427 2763 1477 2809 C.
1493 2765 1683 2820 Pisonis,
1706 2779 1795 2810 cos.
1822 2780 1920 2809 ann.
1940 2765 2010 2809 67.

527 2825 691 2870 Romae
724 2824 998 2870 consulatum
1018 2824 1068 2868 L.
1093 2824 1275 2883 Sergius
1299 2823 1489 2869 Catilina
1517 2826 1651 2882 petit:
1683 2828 1917 2882 postquam
1945 2837 2011 2868 re·

467 2884 639 2941 pulsam
669 2884 784 2937 tulit,
814 2884 977 2928 iterum
1008 2886 1160 2928 contra
1190 2896 1324 2941 remp.
1358 2884 1571 2928 coniurat.

531 2942 662 2988 Cens.
691 2942 742 2987 L.
773 2941 978 2987 Aurelius
1011 2942 1155 2997 Cotta,
1183 2938 1254 2987 Μ’.
1282 2942 1454 2987 Acilius
1477 2942 1671 2996 Glabrio,
1703 2956 1728 2985 a
1758 2946 1811 2986 tr.
1842 2942 1900 2999 pl.
1932 2942 2009 2985 im·

469 3001 609 3059 pediti
638 3001 907 3047 abdicarunt.

134 3062 191 3107 63
273 3062 355 3107 691
421 3060 521 3105 Cos.
553 3061 618 3105 Μ.
655 3061 816 3107 Tullia
850 3062 1005 3115 Cicero,
1046 3061 1092 3105 C.
1124 3061 1328 3105 Antonias
1357 3061 1565 3116 Hybrida.
1633 3060 1776 3103 Praet.
1809 3059 1859 3103 L.
1883 3059 2013 3103 Vale·

248 3151 270 3173 -,
469 3120 561 3165 rius
590 3120 793 3174 Flaccus,
823 3119 874 3174 Q.
905 3120 1107 3165 Metellus
1139 3119 1280 3172 Celer,
1314 3119 1362 3163 C.
1395 3119 1667 3176 Pomptinus,
1700 3118 1747 3162 C.
1772 3118 2012 3176 Sulpicius,

278 3181 335 3220 44
470 3178 520 3223 C.
553 3177 829 3231 Cosconius.)
896 3179 1061 3236 Legem
1102 3180 1341 3235 agrariam,
1382 3191 1410 3221 a
1437 3178 1488 3222 Ρ.
1520 3178 1706 3223 Servilio
1744 3178 1874 3221 Rullo
1913 3178 2012 3222 trib.

254 3238 341 3279 Cie-
468 3237 616 3291 latam,
648 3236 742 3284 Cic.
768 3238 948 3283 ineunte
979 3250 1092 3282 anno
1124 3250 1215 3282 cos.
1247 3236 1487 3292 dissuadet,
1517 3238 1673 3291 tribus,
1705 3250 1814 3294 quae
1845 3240 2011 3291 extant,

473 3296 757 3350 orationibus,
786 3299 833 3341 et
859 3297 1179 3342 intercessione
1208 3296 1259 3340 L.
1292 3295 1474 3341 Caecilii
1504 3297 1634 3341 tollit.

451 3364 459 3374 ·
532 3355 653 3400 Idem
692 3355 896 3410 consilia,
942 3368 1053 3413 quae
1091 3355 1144 3399 L.
1183 3354 1374 3399 Catilina
1410 3355 1466 3399 ad
1502 3354 1838 3413 perturbandam
1877 3367 2013 3411 remp.

472 3418 668 3472 ceperat,
708 3415 754 3459 in
787 3417 941 3460 senatu
972 3414 1113 3472 aperit
1148 3427 1187 3458 a.
1219 3413 1261 3458 d.
1294 3423 1369 3457 ιη
1402 3413 1494 3459 Cal.
1526 3415 1652 3468 Nom,
1696 3415 1769 3470 qui
1802 3413 2013 3471 postridie

476 3487 565 3518 cos.
597 3486 808 3518 summam
834 3474 942 3531 reip.
972 3476 1234 3530 potestatem
1263 3473 1485 3530 permittit.
1529 3474 1640 3518 T'um
1663 3472 1864 3525 Catilina,
1896 3476 1999 3529 post

472 3546 599 3590 quam
633 3534 822 3577 comitiis
853 3533 1156 3577 consularibus
1187 3532 1404 3589 repulsam
1436 3533 1550 3587 tulit,
1581 3534 1894 3577 coniurationem
1917 3532 2013 3575 init.

475 3591 566 3637 Cic.
598 3592 815 3636 hominem
848 3605 886 3635 a.
918 3591 959 3635 d.
992 3601 1040 3635 vn
1074 3591 1136 3635 Id.
1158 3591 1269 3635 Nov.
1300 3592 1347 3635 in
1379 3595 1550 3646 senatu,
1581 3593 1658 3650 qui
1689 3592 1733 3634 in
1765 3591 1870 3635 aede
1895 3591 2012 3634 Iovis

473 3651 660 3696 Statoris
691 3652 949 3705 habebatur,
989 3652 1180 3708 graviter
1217 3654 1470 3696 accusatum
1510 3652 1616 3696 urbe
1650 3650 1860 3695 excedere
1893 3650 2015 3705 cogit

1619 3722 1677 3763 8*
