2392 4016
353 216 409 260 24
419 232 430 236 ·
1055 214 1274 265 Imperium
1306 214 1563 254 Graecorum.

418 408 620 450 Tolmides
639 406 987 463 Peloponnesum
1007 406 1361 462 circumnavigat,
1392 405 1609 462 Gytheum
1630 405 1837 459 incendit,
1862 404 1943 449 (30-
1978 360 2104 393 a·C¹¹r·
2131 361 2276 403 onymp·

409 467 593 510 rinthios
627 469 669 509 et
701 465 933 523 Sicyonios
966 465 1121 522 affligit
2001 464 2088 509 456
2150 464 2204 508 81
2233 465 2253 508 1

355 525 444 569 Sed
475 524 748 582 Aegyptiaca
780 525 998 582 expeditio
1041 538 1119 568 sex
1151 537 1286 567 annos
1326 523 1508 567 tolerata
1538 536 1715 579 pessum
1747 524 1802 576 it,
1843 522 1944 566 dum

411 583 741 628 Atheniensium
772 586 988 628 exercitus
1021 597 1098 641 per
1131 583 1186 627 18
1216 596 1389 626 menses
1420 583 1467 626 in
1497 582 1770 640 Prosopitide
1802 582 1946 625 insula

414 644 643 696 obsessus,
689 643 863 686 tandem
911 657 1009 687 cum
1054 643 1223 699 ingenti
1271 642 1425 685 damno
1473 641 1625 685 cedere
1673 641 1942 697 reditumque

412 703 586 748 omissis
618 703 800 745 navibus
831 715 909 758 per
942 702 1142 758 Cyrenen
1175 714 1381 758 quaerere
1414 701 1582 757 cogitur
2005 698 2092 743 455
2153 699 2206 743 81
2236 700 2257 742 1

353 759 507 816 Neque
538 773 607 804 res
639 762 684 803 in
718 761 946 804 Thessalia
978 763 1208 817 susceptae
1242 760 1581 803 Atheniensibus
1613 759 1866 816 procedunt.
2006 758 2094 803 454
2156 758 2260 802 812

354 821 537 862 Pericles
566 822 739 876 praetor
769 832 1025 877 quamquam
1059 820 1198 864 classe
1230 819 1462 876 Sicyonios
1494 817 1663 874 affligit,
1694 821 1841 861 tamen
1866 818 1946 861 Oe-

414 878 569 921 niadas
602 891 757 934 capere
787 891 873 922 non
903 881 1050 935 potest
2006 875 2094 920 454
2155 875 2208 919 81
2233 874 2261 931 ξ

358 936 541 980 Cimone
588 940 764 981 auctore
809 936 967 981 Athen.
1014 936 1357 994 quinquennales
1404 935 1601 980 inducias
1649 949 1747 979 cum
1785 934 1945 979 Laced.

414 995 583 1039 faciunt
2007 993 2090 1037 451
2156 992 2212 1036 82
2234 992 2260 1034 2

319 1036 334 1190 ς
357 1055 465 1098 Eod.
500 1066 612 1096 anno
644 1054 774 1096 etiam
793 1052 948 1110 Argivi
977 1068 1076 1098 cum
1104 1053 1461 1096 Lacedaemoniis
1483 1065 1635 1108 pacem
1661 1053 1720 1096 30
1741 1065 1949 1096 annorum

363 1126 367 1130 ’
416 1115 692 1168 componunt.
1565 1121 1571 1128 ·

357 1171 530 1214 Bellum
570 1184 668 1213 cum
698 1170 844 1213 Persis
881 1171 1127 1213 renovatur.
1195 1169 1331 1211 Cimon
1369 1166 1562 1212 insulam
1597 1168 1790 1225 Cyprum
1826 1170 1950 1225 petit,
2009 1168 2096 1212 449
2157 1167 2213 1211 82
2240 1166 2262 1219 :³1

417 1230 518 1272 inde
559 1230 615 1272 ad
651 1229 954 1285 Amyrtaeum,
1001 1226 1318 1284 Aegyptiorum
1356 1239 1526 1283 regem,
1571 1230 1739 1283 partem
1777 1229 1951 1271 navium

418 1289 606 1344 ablegat.
854 1327 863 1333 ,

241 1358 247 1363 ·
359 1347 411 1390 In
442 1348 667 1390 obsidione
690 1346 795 1390 Citii
825 1346 1018 1399 moritur,
1051 1345 1130 1389 sed
1161 1346 1349 1388 maxima
1378 1346 1563 1390 victoria
1584 1345 1636 1388 de
1658 1346 1948 1389 Phoenicibus

415 1409 635 1462 reportata
663 1407 762 1449 Aah.
798 1407 900 1448 bello
927 1408 1057 1459 finem
1097 1407 1322 1460 imponunt,
1362 1406 1518 1449 classis
1560 1419 1616 1448 ex
1644 1404 1847 1462 Aegypto
1885 1418 1951 1448 re·

417 1468 597 1508 vocatur
1592 1504 1596 1509 .
2008 1462 2096 1505 449
2158 1461 2214 1504 82
2236 1461 2265 1503 4

359 1524 517 1579 Delphi
547 1526 590 1567 et
619 1524 868 1567 Phocenses
909 1523 960 1567 de
991 1523 1271 1579 possessione
1312 1523 1464 1578 templi
1496 1525 1677 1575 certant,
1719 1522 1855 1565 adiuti
1884 1522 1951 1565 illi

419 1583 593 1638 quidem
614 1597 639 1625 a
659 1582 1030 1635 Lacedaemoniis,
1062 1583 1108 1624 hi
1129 1583 1182 1625 ab
1203 1580 1554 1626 Atheniensibus.
1585 1582 1756 1626 Bellum
1779 1595 1951 1625 sacrum
2009 1579 2097 1623 448

359 1642 542 1685 Boeotia
584 1642 737 1685 cedere
777 1644 992 1698 coguntur
1029 1639 1341 1694 Athenienses,
1380 1642 1487 1684 victi
1524 1641 1579 1684 ad
1619 1641 1859 1710 CQam
1897 1641 1950 1683 ab

421 1701 622 1744 exulibus
654 1701 933 1753 Boeotorum,
963 1700 1286 1743 Euboeensium
1317 1703 1399 1744 cet.
2012 1697 2099 1740 446
2162 1696 2218 1739 83
2241 1695 2268 1738 2

280 1802 283 1803 ⁷
361 1760 540 1802 Euboea
577 1759 744 1811 deficit,
782 1761 887 1802 item
916 1759 1215 1813 Megarenses,
1258 1759 1392 1802 adiuti
1436 1773 1461 1801 a
1500 1758 1734 1802 Corinthiis
1777 1761 1821 1801 et
1850 1758 1951 1814 Epi-
2011 1756 2098 1799 446
2161 1755 2216 1798 83
2240 1755 2267 1798 3

422 1818 598 1861 dauriis.
648 1819 829 1860 Pericles
859 1819 942 1860 huc
974 1818 1078 1860 illuc
1101 1831 1220 1860 arma
1239 1820 1369 1861 vertit
1391 1821 1434 1861 et
1454 1818 1811 1873 Peloponnesios,
1843 1817 1953 1860 duce

421 1878 700 1919 Plistoanacte
729 1890 834 1932 rege
865 1877 1038 1929 Laced,
1077 1876 1318 1920 Pausaniae
1348 1877 1453 1930 filio,
1493 1876 1683 1920 Atticam
1712 1877 1952 1932 ingressos,

422 1936 523 1978 data
552 1937 738 1991 pecunia
768 1935 851 1987 (uti
881 1933 1034 1988 fertur)
1068 1936 1236 1978 avertit.
1672 1973 1677 1976 .
1770 1987 1772 1989 ,
1822 1931 1831 1936 “

362 1994 483 2037 Idem
513 1995 735 2038 Euboeam
766 1995 907 2038 denuo
939 1995 985 2037 in
1016 1997 1277 2050 potestatem
1305 1994 1465 2051 redigit
2015 1993 2072 2035 44

362 2054 496 2096 Fiunt
524 2054 724 2096 induciae
762 2054 1024 2096 tricennales
1058 2050 1281 2105 (σπονδαὶ
1309 2049 1701 2112 τριακοντούτεις)
1744 2065 1843 2095 cum
1872 2051 1955 2094 La-

425 2111 729 2155 cedaemoniis.
789 2112 1015 2164 Nisaeam‚
1056 2112 1285 2165 Achaiam,
1325 2114 1489 2170 Pegas,
1533 2112 1800 2155 Troezenem
1830 2111 1955 2154 Pelo-

423 2172 646 2226 ponnesiis
678 2171 913 2214 restituunt
941 2170 1041 2213 Ath.
1074 2184 1174 2214 vere
1381 2187 1385 2192 ²
2013 2167 2101 2212 445
2164 2167 2220 2212 83
2242 2167 2269 2211 3

367 2230 659 2286 Tthides,
689 2229 849 2273 Milesii
877 2229 951 2282 fil„
985 2229 1166 2273 Periclis
1199 2231 1408 2282 aemulus,
1441 2230 1696 2273 ostracismo
1728 2229 1880 2285 pulsus
2014 2227 2102 2270 444

367 2288 522 2332 Coloni
546 2289 754 2331 Thurium
785 2289 830 2331 in
852 2288 1020 2331 Italiam
1044 2287 1297 2344 (Sybarim)
1329 2290 1453 2332 missi
1473 2289 1671 2342 Athenis,
1701 2289 1815 2331 inter
1845 2300 1954 2343 quos

336 2364 343 2370 ·
423 2347 671 2391 Herodotus
693 2348 970 2392 historiarum
991 2350 1154 2402 auctor,
1186 2349 1447 2405 Protagoras
1468 2348 1639 2405 philos.,
1670 2347 1828 2404 Lysias
1856 2347 1956 2390 ado-

423 2407 595 2451 lescens
674 2455 678 2458 ⁴
1348 2455 1350 2457 ,
2018 2404 2107 2447 444
2167 2402 2224 2447 83
2244 2403 2274 2445 4

365 2466 578 2519 Pindarus
608 2465 738 2521 poeta
768 2465 941 2509 decedit
2018 2464 2103 2506 441
2168 2462 2225 2507 84
2246 2461 2273 2505 3

366 2525 532 2572 Samios
561 2525 791 2568 Persarum
821 2525 983 2567 auxilio
1015 2524 1293 2578 (Pissuthnis,
1326 2527 1427 2568 satr.
1456 2523 1673 2575 Sardium)
1706 2522 1958 2566 deficientes
2019 2523 2108 2566 440
2168 2522 2224 2565 84
2245 2521 2274 2563 4

420 2582 616 2627 'Pericles
657 2587 830 2640 praetor
869 2586 1065 2640 superat,
1106 2584 1292 2627 classem
1323 2581 1608 2627 Phoeniciam>
1632 2583 1767 2639 fugat,
1809 2583 1960 2625 urbem

428 2643 605 2686 Samum
643 2655 756 2686 nono
795 2656 944 2687 mense
986 2643 1102 2698 capit
1139 2644 1360 2699 murisque
1399 2643 1553 2699 privat.
1625 2642 1719 2685 Hoc
1758 2642 1804 2685 in
1842 2641 1957 2684 bello

428 2701 666 2757 Sophocles
698 2702 910 2758 praetoris
942 2715 1120 2745 munere
1152 2702 1325 2745 functus
1359 2715 1455 2745 esse
1488 2702 1646 2744 dicitur
2018 2698 2106 2743 439
2169 2696 2225 2742 85
2247 2697 2274 2740 2

369 2759 704 2803 Atheniensium
738 2760 986 2816 respublica
1016 2760 1153 2804 floret.
1225 2761 1338 2805 Urbs
1371 2760 1615 2817 magnificis
1649 2758 1859 2802 aedificiis
1893 2771 1958 2801 or-

394 2847 396 2849 -
428 2821 554 2862 natur
593 2819 792 2870 (Phidias
831 2820 878 2861 in
918 2833 1090 2862 carcere
1122 2820 1302 2863 moritur
1343 2820 1407 2863 Ol.
1435 2819 1496 2863 87
1517 2818 1585 2872 1),
1626 2819 1743 2862 cives
1783 2821 1960 2874 propter

429 2891 604 2934 operam
625 2878 670 2921 in
692 2878 967 2920 contionibus
997 2881 1041 2921 et
1059 2878 1233 2922 iudiciis
1255 2879 1443 2935 positam
1462 2878 1706 2922 mercedem
1727 2878 1960 2932 accipiunt.

2079 1990 2102 2046 &210

376 2994 593 3050 Corcyraei
621 2994 782 3037 bellum
814 2997 971 3050 gerunt
992 3008 1091 3038 cum
1114 2993 1348 3037 Corinthiis
1368 2994 1600 3050 Epidamni
1621 3006 1765 3043 causa,
1799 2993 1959 3048 eosque

429 3066 576 3109 pugna
606 3053 750 3095 navali
780 3053 973 3107 vincunt,
1004 3053 1291 3109 Epidamnum
1323 3055 1500 3109 capiunt
2018 3052 2106 3095 434
2167 3051 2223 3095 86
2246 3051 2272 3093 2

371 3112 514 3168 Inseq.
545 3113 719 3155 biennio
743 3111 954 3155 Corinthii
986 3112 1040 3154 ad
1069 3112 1230 3155 bellum
1260 3112 1428 3155 fortiter
1459 3111 1695 3168 gerendum
1717 3123 1764 3153 se
1786 3112 1952 3166 parant.

430 3171 587 3227 Legati
616 3171 668 3213 ab
701 3171 894 3226 utrisque
924 3172 1152 3214 mittuntur
1181 3169 1387 3215 Athenas.
1434 3170 1607 3214 Foedus
1628 3169 1958 3213 Atheniensium

433 3232 476 3271 et
508 3228 848 3284 Corcyraeorum
878 3228 927 3272 fit
2018 3226 2107 3271 433
2170 3226 2226 3270 86
2248 3227 2277 3268 4

375 3288 608 3343 Corcyraei
637 3288 939 3331 adiuvantibus
970 3287 1307 3332 Atheniensibus
1339 3288 1503 3343 proelio
1535 3287 1679 3330 navali
1709 3287 1765 3330 ad
1795 3286 1961 3342 Sybota

434 3346 751 3389 Corinthiorum
780 3359 912 3389 naves
942 3347 987 3388 in
1018 3347 1166 3403 fugam
1196 3349 1370 3390 vertunt
2019 3343 2106 3387 432
2167 3341 2223 3386 86
2247 3342 2275 3384 4

374 3405 646 3447 Potidaeatae
685 3419 710 3448 a
742 3404 977 3448 Corinthiis
1011 3406 1234 3449 sollicitati
1263 3408 1307 3449 et
1337 3405 1473 3448 adiuti
1507 3403 1712 3448 deficiunt
1743 3404 1796 3447 ab
1828 3401 1959 3447 Athe-

434 3463 671 3516 niensibus,
703 3464 935 3507 vincuntur
965 3466 1008 3506 et
1038 3465 1290 3507 obsidentur
2018 3458 2105 3502 432
2167 3458 2222 3501 87
2248 3459 2270 3500 1

376 3518 493 3564 Anni
523 3522 750 3566 ordinandi
779 3522 889 3566 ratio
922 3522 1047 3579 cyclo
1079 3523 1270 3567 Metonis
1285 3524 1460 3580 recepto
1481 3521 1636 3578 incipit
1666 3535 1704 3564 a.
1727 3521 1767 3563 d.
1793 3511 1861 3563 16.
1878 3519 1958 3563 Iul.
2019 3517 2106 3562 432
2168 3516 2224 3562 86
2245 3517 2274 3559 4
