2392 4016
553 197 605 241 ab
638 214 744 242 anno
775 214 813 241 a.
838 198 931 242 Chr.
963 199 1047 242 807
1080 214 1210 253 usque
1239 201 1293 243 ad
1323 216 1472 244 annum
1506 205 1606 245 8²5.
1961 203 2044 251 179

16 359 19 403 ³
111 346 205 389 Μ’
273 356 357 380 '¹⁸⁶‘
431 348 519 389 ‘'³¹’'
595 365 702 436 enee}
732 393 844 449 epm
863 393 1006 450 Am.
1040 394 1186 438 oenu-
1216 395 1373 450 coepte.-
1405 393 1574 439 duobus
1605 396 1798 451 proeliis,
1829 396 1943 455 apud
1972 397 2045 443 ci-

595 450 752 506 balim,
793 452 1043 497 Pannoniae
1082 452 1290 511 oppidum
1319 451 1447 505 (Oct.
1469 451 1551 506 8.),
1583 457 1629 497 et
1659 455 1774 512 apud
1805 456 2046 502 Hadriano·

594 572 828 627 postquam
877 571 1074 616 Licinius
1121 584 1249 616 omne
1289 571 1516 629 illyricum
1562 584 1662 615 cum
1701 573 1955 619 Macedonia
2002 579 2048 619 et

594 627 762 673 Achaia
793 629 1081 674 Constantino
1113 631 1263 675 cessit.

112 687 200 733 315
265 687 379 733 1068
442 687 499 732 10
559 686 849 733 Constantino
888 691 934 733 et
973 688 1145 733 Licinio
1183 689 1327 747 Augg.
1367 692 1553 746 utroque
1590 689 1655 733 IV
1693 702 1784 734 cos.
1817 690 1967 735 Const.
2000 694 2044 736 in

598 746 770 791 Italiam
810 760 1013 791 reversus
1054 759 1134 804 pro
1168 747 1418 792 Caeciliano
1458 751 1612 792 contra
1652 749 1906 794 Donatistae
1946 751 2045 796 hae-

596 807 760 851 reticos
791 806 1002 860 decernit,
1033 807 1178 851 crucis
1201 807 1463 864 supplicium
1494 808 1626 861 tollit,
1657 809 1887 866 privilegia
1906 811 2047 855 eccle-

597 866 759 909 siarum
792 864 1135 909 Christianarum
1167 870 1312 923 auget.
1623 901 1626 905 .

110 925 197 970 316
262 924 375 970 1069
440 924 490 968 11
556 923 657 968 Cos.
679 924 746 968 Fl.
769 923 923 968 Rufius
956 923 1165 969 Ceionius
1197 924 1402 979 Sabinus,
1435 924 1486 978 Q.
1507 924 1695 970 Aradius
1729 926 1911 972 Rufinus
1944 929 2046 972 Pro-

597 981 760 1037 culus.)
814 983 1129 1028 Constantinus
1162 984 1419 1029 decennalia
1449 997 1530 1028 sua
1561 985 1767 1039 celebrat,
1798 999 1855 1030 ex
1883 988 2048 1032 Fausta

595 1043 637 1086 ei
653 1041 820 1086 Arelati
838 1042 1153 1087 Constantinus
1177 1044 1395 1088 nascitur:
1420 1056 1524 1088 mox
1541 1043 1727 1088 Galliam
1744 1046 1950 1103 relinquit
1965 1060 2045 1092 nec

11 1107 15 1158 ξ
596 1114 648 1145 eo
679 1102 926 1146 revertitur.
990 1102 1291 1147 Diocletianus
1324 1103 1513 1147 Salonae
1545 1105 1725 1148 moritur
1755 1104 1783 1149 3
1806 1105 1917 1149 Non.
1941 1106 2046 1150 Dec.

13 1190 16 1196 -
109 1162 196 1206 317
262 1161 377 1206 1070
441 1161 494 1204 12
557 1161 659 1205 Cos.
693 1160 950 1205 Gallicanus
994 1165 1039 1205 et
1068 1162 1268 1213 Bassus.)
1331 1162 1514 1220 Crispus
1555 1164 1725 1207 iuvenis
1758 1167 1802 1207 et
1833 1163 2047 1209 Constan-

221 1218 224 1222 ’
594 1220 714 1264 tinus
744 1220 911 1274 infans,
949 1219 1030 1264 filii
1062 1220 1340 1265 Constantini
1371 1222 1582 1279 Augusti,
1623 1226 1667 1265 et
1698 1223 1893 1268 Licinius
1924 1238 2046 1281 puer,

595 1278 757 1323 Licinii
776 1278 891 1336 Aug.
912 1279 1044 1334 filius,
1077 1279 1169 1324 Cal.
1193 1281 1319 1329 Mart,
1341 1280 1552 1325 Caesares
1585 1282 1870 1338 appellantur.
1933 1283 2047 1336 Quo·

593 1351 690 1381 rum
721 1337 923 1396 Crispum
954 1339 1125 1383 Latinis
1157 1339 1316 1384 litteris
1349 1340 1492 1394 erudit
1523 1341 1792 1395 Lactantius,
1825 1342 1972 1386 rhetor
2002 1347 2048 1386 et

593 1397 876 1455 philosophus
898 1397 1187 1443 Christianus.
1241 1398 1526 1444 Constantius
1549 1401 1743 1444 nascitur
1764 1414 1914 1445 mense
1931 1402 2046 1459 Aug.

109 1455 197 1501 318
266 1455 394 1500 1071·
445 1455 499 1500 13
565 1455 667 1500 Cos.
699 1457 897 1501 Licinius
928 1457 1042 1515 Aug.
1074 1458 1115 1501 V
1153 1460 1199 1501 et
1237 1457 1419 1516 Crispus
1459 1458 1656 1511 Caesar.)
1731 1459 2046 1505 Constantinus

25 1542 31 1550 .,
594 1515 746 1559 Sirmii
773 1515 962 1559 maxime
991 1519 1203 1560 versatur.

111 1573 199 1619 319
262 1573 376 1618 1072
441 1574 496 1618 14
557 1574 658 1619 Cos.
682 1574 996 1619 Constantinus
1030 1574 1141 1631 Aug.
1165 1575 1207 1619 V
1237 1578 1282 1618 et
1310 1575 1509 1619 Licinius
1543 1574 1741 1630 Caesar.)
1804 1576 2047 1622 Sarmatico

595 1633 710 1678 bello
741 1633 937 1691 illigatus
965 1635 1049 1678 hoc
1078 1638 1123 1678 et
1149 1635 1362 1691 proximis
1385 1635 1511 1679 annis
1534 1634 1848 1681 Constantinus
1870 1638 1915 1680 in
1936 1638 2047 1681 Pan-

570 1693 730 1737 “nonia
767 1693 858 1737 fere
899 1696 943 1737 et
980 1694 1117 1738 Dacia
1155 1697 1366 1738 versatur.
1444 1695 1712 1752 Haruspices
1751 1709 1806 1739 ne
1843 1697 2046 1753 privatim

594 1752 895 1806 consulantur,
931 1754 1138 1796 sancitur.

108 1810 197 1856 320
260 1810 374 1855 1073
439 1811 493 1856 15
556 1811 656 1855 Cos.
682 1810 998 1855 Constantinus
1020 1812 1134 1868 Aug.
1144 1811 1207 1855 VI
1228 1813 1274 1854 et
1294 1810 1609 1855 Constantinus
1633 1811 1829 1865 Caesar.)
1875 1813 2046 1858 Poenae

596 1869 836 1914 caelibatus
869 1873 914 1914 et
934 1871 1133 1915 orbitatis
1155 1870 1366 1914 tolluntur
1394 1870 1554 1924 edicto,
1585 1871 1672 1914 nisi
1693 1872 1809 1928 quod
1839 1872 1895 1915 ad
1924 1874 2045 1930 ipsos

593 1929 708 1973 inter
739 1942 787 1974 se
818 1930 1028 1987 coniuges
1058 1930 1261 1987 pertinet.
1325 1929 1490 1974 Theod.
1524 1929 1630 1973 Cod.
1654 1929 1696 1983 8,
1732 1930 1799 1974 16.

110 1988 192 2032 321
262 1987 376 2032 1074
441 1988 495 2032 16
559 1988 661 2033 Cos.
694 1988 876 2046 Crispus
910 1988 1074 2033 Caesar
1113 1989 1156 2033 11
1195 1991 1241 2033 et
1272 1988 1587 2033 Constantinus
1621 1988 1783 2034 Caesar
1814 1989 1888 2041 II.)
1952 1990 2045 2034 Cal.

596 2048 720 2091 Mart.
750 2049 1044 2106 panegyricus
1081 2048 1259 2092 Nazarii
1295 2048 1342 2091 in
1381 2048 1775 2105 quinquennalibus
1808 2048 2044 2093 Caesarum

598 2107 793 2151 habetur.
855 2107 950 2156 Lex
987 2108 1126 2165 prima
1164 2107 1219 2151 de
1249 2107 1496 2151 venerando
1533 2107 1602 2151 die
1635 2108 1752 2151 Solis
1785 2108 1878 2152 sive
1910 2108 2045 2152 domi-

595 2166 695 2211 nico
726 2166 951 2221 emittitur,
982 2167 1082 2210 vide
1113 2166 1282 2218 Theod.
1302 2166 1398 2210 cod.
1422 2166 1464 2219 2,
1495 2166 1536 2211 8.
1598 2167 1881 2223 Amplissima
1911 2167 2045 2212 facul-

567 2227 664 2268 *tas
696 2225 942 2282 accipiendi
972 2239 1027 2269 ex
1064 2226 1340 2270 testamentis
1384 2226 1585 2270 ecclesiis
1617 2227 1711 2270 sive
1743 2227 1942 2271 conciliis
1974 2240 2045 2271 ca-

593 2284 770 2328 tholicis
803 2285 1072 2338 conceditur,
1103 2285 1162 2329 ib.
1187 2285 1258 2338 16,
1289 2284 1331 2338 2,
1360 2285 1404 2328 4.

108 2338 194 2389 322
260 2342 373 2388 1075
438 2343 491 2387 17
555 2342 657 2387 Cos.
681 2343 912 2387 Petronius
934 2344 1192 2398 Probianus,
1223 2343 1407 2388 Anicius
1439 2343 1667 2394 Iulianus.)
1730 2343 2043 2389 Constantinus

594 2403 822 2446 victoriam
853 2403 907 2447 de
930 2403 1142 2448 Sarmatis
1174 2404 1221 2446 in
1240 2403 1436 2459 ipsorum
1463 2405 1592 2456 terra,
1624 2403 1772 2446 occiso
1803 2417 1906 2459 rege
1932 2404 2045 2447 Rau·

593 2462 776 2515 simodo,
806 2465 1014 2519 reportat.
1077 2461 1259 2518 Crispus
1283 2460 1447 2505 Caesar
1477 2463 1522 2504 et
1551 2461 1739 2515 Helena,
1770 2462 2044 2519 imperatoris

44 2566 46 2571 ‚
593 2523 745 2574 mater,
776 2521 959 2564 Romam
990 2521 1184 2564 veniunt.
1859 2526 1866 2535 '

113 2579 201 2625 323
266 2579 378 2625 1076
444 2580 498 2624 18
559 2579 702 2623 Acilio
725 2579 903 2633 Severo,
935 2579 1084 2624 Vettio
1107 2578 1263 2623 Rufino
1286 2591 1376 2623 cos.
1397 2578 1561 2622 bellum
1581 2578 1765 2622 alterum
1796 2580 1910 2623 inter
1931 2578 2044 2623 Con·

508 2673 510 2676 ,
599 2639 837 2682 stantinum
869 2642 913 2682 et
933 2638 1150 2682 Licinium
1170 2641 1362 2695 paratur,
1392 2640 1623 2695 postquam
1653 2638 1727 2682 ille
1750 2638 1917 2682 Gothos
1948 2652 2044 2696 per-

595 2710 782 2754 sequens
823 2698 869 2741 in
908 2697 1126 2741 dicionem
1166 2697 1329 2741 Licinii
1366 2698 1594 2755 ingressus
1634 2700 1714 2740 est.
1792 2697 2045 2755 Conflignnt

594 2757 707 2800 inter
729 2769 777 2800 se
800 2756 928 2808 (Iulii
948 2755 1011 2810 3.)
1041 2755 1156 2814 apud
1176 2755 1546 2813 Hadrianopolim,
1576 2756 1718 2800 victus
1740 2756 1935 2800 Licinius
1958 2756 2044 2814 By-

597 2816 731 2859 zantii
760 2815 1003 2860 obsidetur:
1045 2816 1203 2860 classis
1242 2816 1336 2859 eius
1368 2828 1395 2858 a
1429 2815 1594 2872 Crispo,
1634 2815 1909 2859 Constantini
1939 2814 2044 2869 filio,

594 2874 805 2927 vincitur,
861 2876 905 2918 et
945 2874 1279 2932 tempestatibus
1318 2873 1501 2918 deletur.
1571 2874 1723 2931 Itaque
1762 2874 1958 2918 Licinius
1997 2876 2042 2918 in

595 2932 747 2977 Asiam
792 2933 974 2987 transit,
1033 2933 1112 2978 sed
1157 2933 1293 2977 altero
1346 2933 1511 2990 proelio
1564 2934 1678 2990 apud
1724 2932 2043 2977 Chalcedonam

596 2991 746 3049 (Sept.
774 2990 860 3044 18.)
891 2993 1048 3046 victus,
1081 2995 1126 3036 et
1145 2991 1426 3036 Nicomediae
1447 2993 1671 3045 obsessus,
1702 3004 1750 3036 se
1772 2991 1905 3044 dedit,
1937 2992 2042 3036 nihil

597 3054 752 3107 pactus
773 3051 861 3095 nisi
881 3051 1027 3096 vitam.
1081 3050 1365 3095 Constantius
1393 3052 1548 3094 Caesar
1568 3050 1810 3108 appellatur
1830 3051 1872 3095 d.
1889 3048 1916 3094 8
1934 3050 2042 3094 Nov.

111 3109 199 3155 824
263 3110 376 3155 1077
444 3109 496 3153 19
558 3107 714 3167 Crispo
753 3109 818 3154 111
865 3113 909 3155 et
950 3109 1239 3155 Constantino
1279 3109 1345 3153 111
1393 3108 1544 3154 Caess.
1583 3123 1673 3154 cos.
1714 3110 2043 3162 Constantinus,

395 3192 397 3194 ·
594 3170 680 3270 {ava
695 3170 831 3272 ¹:1⁰&
850 3169 1086 3226 Aequom,
1126 3168 1466 3213 Thessalonicae
1496 3181 1632 3226 agens
1665 3168 1880 3212 Licinium
1912 3169 2054 3217 inter-.D

627 3239 669 3271 ci

113 3284 201 3329 325
267 3285 379 3330 1078
441 3284 500 3329 20
561 3285 760 3330 Paullino
792 3290 837 3330 et
858 3285 1027 3331 Iuliano
1056 3297 1147 3329 cos.
1170 3284 1486 3330 Constantinus
1513 3288 1685 3342 primum
1714 3287 1922 3329 concilium
1956 3289 2043 3329 uni·

597 3346 755 3388 versele
786 3344 1132 3390 Christianorum
1162 3345 1405 3389 antistitum
1435 3344 1621 3388 Nicaeae
1653 3345 1723 3397 (ab
1749 3345 1798 3388 11
1834 3344 1926 3390 Cal.
1949 3345 2042 3390 lun.

599 3416 738 3460 usque
770 3402 825 3447 ad
855 3403 883 3448 8
915 3402 1008 3448 Cal.
1041 3402 1172 3461 Aug.)
1204 3404 1395 3457 celebrat,
1424 3404 1470 3448 in
1501 3416 1587 3461 quo
1618 3403 1780 3447 Ariana
1810 3404 1957 3460 opinio
1988 3403 2043 3448 de

600 3466 754 3507 natura
784 3461 949 3508 Christi
979 3462 1206 3507 damnatur
1237 3457 1762 3519 (ὁμοσνσία-ὁμοιουσία
1772 3462 1804 3515 ).
1869 3462 2043 3507 Gladia-

598 3524 715 3566 tores
738 3522 778 3567 le
857 3521 1047 3575 (Theod.
1071 3520 1166 3567 cod.
1193 3520 1261 3575 15,
1286 3521 1365 3577 12)
1385 3522 1606 3580 prohibiti.
1656 3523 1874 3576 Ambitus,
1898 3522 2044 3566 rhetor

598 3580 781 3627 Siccens
826 3614 837 3637 ,
868 3579 1142 3626 Christianus
1173 3580 1328 3625 factus.

1626 3655 1709 3695 12·

594 510 729 568 polim
768 510 930 556 Licinii
975 512 1128 570 copiae
1171 511 1425 557 funduntur.
1504 511 1749 557 Concordia
1786 517 2045 570 restituitur,
2118 513 2122 521 ’
