2392 4016
379 255 407 299 8
1105 255 1323 305 Imperium
1353 254 1578 296 Persarum.

324 443 338 505 γ’
382 445 586 497 DARE(
587 444 732 499 DUS,
765 446 991 502 Hystaspis
1020 445 1095 499 fil„
1134 459 1213 489 rex
1244 447 1361 490 sorte
1393 448 1564 489 creatur
1594 459 1618 489 e
1658 449 1825 503 septem
1855 447 1971 503 prin·
2011 403 2134 493 a'5C2hs'
2160 403 2307 444 Olymp'

442 505 627 560 cipibus,
659 517 840 561 regnum
870 506 915 547 in
937 505 994 549 20
1015 505 1310 561 praefecturas
1333 503 1582 561 (satrapias)
1614 505 1782 559 dividit,
1813 507 1976 550 tributa

327 600 330 602 .
444 563 628 617 (14‚560
657 564 749 615 tal.)
782 564 963 607 ordinat.

331 623 338 636 ''
380 623 650 678 Babylonem
686 623 891 666 rebellem
930 636 1008 679 per
1048 622 1105 666 20
1135 635 1308 666 menses
1349 623 1575 668 obsessam
1607 626 1843 680 expugnat,
1882 637 1972 667 mu-

438 683 586 738 risque
616 683 759 738 privat
2028 681 2115 726 518

378 741 561 784 Frustra
589 741 907 797 expeditionem
938 740 1144 783 adversus
1176 740 1363 796 Scythas
1397 740 1582 796 suscipit
2026 741 2111 785 507
2201 741 2257 786 68
2283 743 2303 784 1

383 799 495 842 Dum
527 801 622 856 ipse
653 813 731 842 rex
764 799 972 843 Sardibus
1006 803 1306 851 commoratur,
1338 799 1614 860 Megabazus,
1647 812 1744 842 cum
1777 800 1974 843 exercitu

442 860 487 901 in
508 859 683 914 Europa
712 859 907 911 relictus,
931 858 1122 901 Thraces
1145 861 1188 900 et
1208 846 1539 914 Hellespontum
1562 859 1751 911 subiicit,
1774 859 1971 902 Paeones

443 919 533 960 suis
567 918 744 961 sedibus
778 918 944 960 ablatos
976 918 1021 959 in
1052 917 1201 959 Asiam
1232 917 1423 960 traducit
2031 917 2119 962 506
2205 917 2308 962 683
2387 929 2392 934 ·

382 976 523 1019 Dareo
557 977 670 1019 Susa
700 989 874 1019 reverso
906 976 1214 1031 Artaphernes‚
1253 977 1371 1031 regis
1403 976 1548 1028 frater,
1588 975 1754 1031 Lydiae
1786 980 1972 1032 satrapa,

442 1038 486 1077 et
506 1035 681 1087 Otanes,
713 1036 846 1077 classi
867 1034 1126 1089 praefectus,
1149 1035 1423 1089 Byzantium,
1438 1034 1669 1087 Lemnum,
1701 1035 1800 1087 alia,
1830 1036 1875 1078 in
1897 1047 1974 1091 po-

440 1096 644 1136 testatem
672 1094 875 1149 redigunt
2035 1093 2123 1139 505

380 1152 545 1195 Exules
576 1152 741 1195 Naxios
773 1152 1088 1207 Artaphernes,
1129 1151 1359 1193 consilium
1389 1149 1670 1206 Aristagorae
1709 1151 1870 1196 Milesii
1907 1164 1976 1196 se-

443 1213 583 1263 cutus,
614 1211 774 1254 frustra
804 1211 1079 1266 expeditione
1111 1213 1317 1265 suscepta
1347 1210 1577 1253 restituere
1609 1212 1789 1252 conatur
2027 1209 2111 1255 501

382 1271 655 1325 Aristayoras
686 1274 730 1313 et
761 1271 846 1313 sibi
875 1272 1071 1312 metuens
1105 1272 1148 1311 et
1177 1269 1365 1312 Histiaei
1393 1269 1577 1312 consilio
1598 1281 1754 1324 parens
1776 1270 1977 1312 restituta

444 1330 612 1372 civibus
645 1330 842 1372 libertate
875 1343 900 1371 a
921 1329 1066 1371 Persis
1099 1327 1260 1380 deficit,
1292 1341 1394 1370 mox
1425 1331 1595 1371 ceterae
1626 1328 1714 1370 fere
1746 1340 1894 1372 omnes
1916 1329 1977 1372 ci-

363 1423 367 1427 .
441 1389 599 1431 vitates
634 1387 839 1441 Graecae,
874 1389 1041 1431 exactis
1073 1388 1284 1443 tyrannis,
1316 1387 1528 1430 rebellant
1977 1400 1979 1402 ·
2032 1386 2121 1431 500
2206 1388 2265 1432 70
2288 1388 2310 1431 1

356 1447 716 1511 JAtheniensium
755 1451 799 1490 et
828 1447 1142 1490 Eretriensium
1181 1446 1322 1489 classe
1362 1446 1499 1489 adiuti
1538 1447 1664 1489 Iones
1706 1445 1866 1490 Sardes
1907 1460 1976 1490 ca-

358 1519 367 1528 ’·
443 1507 570 1562 piunt
601 1510 644 1549 et
672 1507 910 1549 incendunt
2031 1505 2119 1548 499
2207 1504 2309 1548 702

384 1565 528 1609 Etiam
563 1565 712 1621 Cyprii
745 1569 787 1608 et
821 1565 953 1608 Cares
987 1564 1250 1607 desciscunt
1322 1562 1493 1620 Cyprus
1525 1567 1702 1620 recepta
1733 1577 1845 1608 anno
1876 1568 1979 1622 post
2037 1563 2125 1607 498
2210 1564 2310 1608 703

332 1646 344 1676 1
387 1625 475 1668 Sed
523 1637 626 1667 mox
666 1624 936 1667 Clazomenis
985 1627 1028 1666 et
1067 1623 1215 1666 Cumis
1265 1623 1447 1678 aliisque
1494 1624 1672 1666 urbibus
1715 1625 1976 1681 expugnatis

332 1673 345 1701 '³'
444 1684 604 1726 Persae
637 1684 837 1736 Miletum,
870 1684 1017 1726 Ioniae
1049 1685 1192 1738 caput,
1225 1682 1438 1735 obsident,
1471 1685 1515 1724 et
1546 1683 1686 1725 classe
1711 1682 1977 1727 Graecorum

336 1790 339 1792 v
444 1756 522 1798 per
552 1743 841 1798 proditionem
873 1742 987 1797 apud
1016 1741 1180 1783 Ladam
1211 1742 1293 1784 ins.
1327 1742 1454 1794 victa,
1487 1743 1665 1797 capiunt
1742 1748 1746 1751 ⁴
2034 1740 2124 1803 424
2211 1741 2264 1784 71
2284 1741 2312 1785 3

388 1801 630 1845 Samiorum
663 1815 763 1857 pars
797 1803 980 1857 emigrat
1011 1804 1055 1845 et
1076 1792 1267 1844 Zanclen
1297 1798 1580 1852 (Messanam)
1613 1804 1811 1857 occupat,
1845 1803 1979 1846 ceteri

445 1859 582 1902 Aeaci
611 1863 797 1915 tyranno
831 1860 1132 1903 subiiciuntur.

388 1919 533 1974 Inseq.
568 1933 604 1960 a.
639 1920 740 1961 dum
772 1920 919 1962 Ioniae
951 1932 1021 1962 res
1055 1919 1384 1974 componuntur,
1427 1918 1606 1960 Persica
1636 1918 1790 1962 classis
1824 1918 1979 1962 Chium

443 1981 487 2021 et
527 1978 717 2021 Lesbum
755 1979 923 2022 insulas
971 1981 1014 2020 et
1054 1977 1374 2020 Chersonesum
1420 1977 1467 2020 in
1506 1980 1773 2033 potestatem·
1805 1979 1978 2035 redigit.

442 2037 661 2080 Miltiades
701 2038 802 2080 inde
841 2038 1033 2080 Athenas
1073 2037 1197 2079 redit.
1269 2037 1472 2092 Byzantii
1511 2039 1555 2079 et
1596 2036 1877 2080 Chalcedonii
1913 2051 1979 2081 re-

444 2096 562 2138 lictis
594 2097 773 2139 urbibus
805 2097 1106 2139 Mesembriam
1139 2095 1193 2137 ad
1224 2096 1410 2138 Pontum
1441 2095 1659 2138 Euxinum
1693 2097 1883 2140 condunt
2037 2094 2125 2139 493

383 2156 642 2207 Μαῑᾴρῃίαε,
674 2156 804 2197 Darei
836 2169 982 2211 gener,
1025 2167 1124 2198 cum
1156 2155 1293 2209 copiis
1325 2155 1576 2210 ingentibus
1607 2155 1824 2211 Europam
1854 2157 1978 2212 petit,

449 2213 540 2266 sed,
571 2214 731 2270 Brygis
765 2227 893 2271 aegre
925 2214 1054 2257 victis
1088 2215 1132 2255 et
1161 2213 1387 2269 naufragio
1418 2213 1473 2255 ad
1500 2216 1693 2256 montem
1710 2215 1825 2257 Atho
1847 2215 1977 2268 facto,

445 2274 676 2315 revertitur
2038 2272 2126 2316 492
2212 2273 2269 2316 72
2289 2275 2311 2318 1

389 2331 574 2375 Suffecti
603 2332 649 2374 in
688 2332 781 2374 eius
820 2331 964 2373 locum
994 2332 1124 2373 Datis
1155 2332 1198 2373 et
1227 2331 1506 2386 Artaphernes
1535 2329 1715 2387 Artaph.
1745 2331 1804 2374 fil.
1838 2332 1979 2376 classe

448 2393 601 2433 tenent
631 2390 853 2433 Euboeam
891 2390 1098 2443 insulam,
1138 2390 1352 2432 Eretriam
1392 2391 1589 2445 capiunt,
1629 2391 1708 2433 sed
1747 2391 1802 2433 ad
1831 2393 1980 2435 Mara-

450 2451 603 2491 thonem
635 2450 688 2492 ab
721 2441 1059 2492 Atheniensibus
1087 2423 1178 2491 ’fusi
1208 2448 1430 2505 fugatique
1461 2448 1612 2492 Asiam
1641 2453 1844 2505 repetunt
2038 2449 2128 2493 490
2215 2450 2315 2494 723

389 2507 599 2564 Aegyptii
629 2508 835 2550 deficiunt
1572 2537 1586 2550 .
2037 2509 2125 2552 486
2157 2529 2168 2536 ·

390 2567 557 2610 Dareus
590 2568 783 2619 moritur,
813 2568 990 2609 ineunte
1023 2579 1134 2609 anno
2041 2568 2129 2612 485
2214 2569 2315 2613 733

387 2626 654 2668 XERXES
685 2600 854 2677 (485—
800 2624 968 2676 —465)
1002 2624 1244 2682 Aegyptios
1277 2625 1417 2704 denuo
1450 2626 1614 2682 subigit
1642 2626 1784 2682 iisque
1812 2626 1980 2672 Achae-

448 2698 616 2728 menem
646 2685 823 2727 fratrem
855 2684 1050 2740 praeficit
2038 2687 2128 2731 484

386 2744 559 2788 Β61111111
590 2744 796 2787 adversus
830 2743 1019 2787 Graecos
1051 2756 1209 2799 parans
1241 2743 1451 2787 Sardibus
1482 2744 1645 2786 hiemat
2037 2746 2122 2791 481
2212 2747 2314 2790 744

391 2803 505 2847 Vere
537 2804 776 2846 exercitum
806 2804 1026 2858 ingentem
1058 2804 1278 2845 hominum
1302 2804 1340 2855 1,
1345 2803 1444 2855 700,
1448 2804 1549 2855 000,
1582 2796 1816 2846 comitante
1836 2804 1978 2848 classe

453 2863 626 2904 navium
656 2863 882 2917 longarum
917 2861 1044 2914 1207,
1086 2862 1416 2917 Hellespontum
1447 2863 1647 2915 traducit,
1686 2862 1802 2906 Atho
1834 2866 1979 2907 monte

447 2920 660 2977 perfosso,
700 2934 778 2976 per
810 2920 1051 2972 Thraciam,
1082 2921 1392 2974 Macedoniam,
1437 2921 1708 2964 Thessaliam
1740 2921 1978 2977 proficisci-

447 2982 538 3031 tur,
587 2979 642 3021 ad
685 2980 974 3034 Thermopylas
1013 2979 1219 3034 exiguum
1261 2979 1524 3022 Graecorum
1564 2981 1802 3022 exercitum
1841 2981 1977 3024 delet:

446 3038 603 3081 iisdem
635 3038 786 3081 diebus
818 3052 966 3094 pugna
993 3036 1044 3080 fit
1075 3038 1129 3080 ad
1157 3038 1440 3081 Artemisium
1470 3040 1823 3094 promontorium.
1889 3040 1978 3083 Sed
2196 3067 2197 3071 =

447 3097 612 3152 proelio
645 3097 787 3140 navali
818 3097 871 3140 ad
901 3098 1152 3139 Salaminem
1182 3097 1368 3139 insulam
1400 3098 1559 3140 Persae
1592 3098 1879 3141 devincuntur
2035 3100 2124 3144 480
2212 3101 2268 3144 75
2288 3102 2310 3144 1

387 3156 509 3212 Rege
541 3157 587 3198 in
616 3155 767 3199 Asiam
797 3168 985 3208 reverso,
1026 3156 1274 3198 Mardonius
1315 3157 1369 3199 ad
1398 3157 1598 3199 Plataeas
1629 3169 1728 3199 cum
1757 3157 1976 3202 Lacedae-

445 3215 603 3258 moniis
636 3218 680 3258 et
711 3214 1050 3259 Atheniensibus
1083 3215 1294 3271 confligit,
1336 3216 1415 3258 sed
1444 3217 1632 3259 vincitur
1664 3219 1708 3259 et
1735 3217 1831 3273 ipse
1862 3219 1976 3260 occi-

447 3274 561 3316 ditur
2037 3277 2124 3320 479
2211 3277 2267 3321 75
2285 3278 2311 3320 2

387 3332 553 3375 Eodem
584 3332 669 3375 die
685 3333 838 3376 classis
875 3332 1158 3386 Graecorum,
1202 3335 1254 3377 ab
1287 3333 1469 3377 Ionibus
1497 3335 1657 3387 accita,
1700 3335 1754 3377 ad
1787 3334 1978 3391 Mycalen

447 3394 661 3446 promont
693 3392 923 3434 Persarum
953 3405 1085 3434 naves
1119 3394 1442 3448 exercitumque
1473 3394 1622 3446 vincit,
1654 3394 1784 3449 pauci
1809 3393 1978 3451 fugien-

447 3452 515 3493 tes
546 3450 742 3493 Xerxem
772 3463 918 3506 regem
951 3451 1160 3494 Sardibus
1192 3455 1529 3496 commorantem
1561 3455 1852 3508 assequuntur
2035 3452 2122 3496 479

393 3505 486 3559 Qua
518 3510 838 3564 opportunitate
871 3509 971 3551 data
1001 3509 1129 3552 Iones
1161 3511 1319 3553 iterum
1349 3525 1375 3553 a
1402 3511 1550 3554 Persis
1582 3512 1844 3564 desciscunt,
1877 3514 1921 3554 et
1951 3525 1977 3554 a

451 3569 606 3611 ceteris
640 3567 819 3612 Graecis
851 3567 1150 3611 defenduntur.
