2392 4016
410 232 496 280 100
1178 233 1355 274 Annales
1385 231 1556 274 Romani

411 391 444 415 δ’
460 381 543 414 chr.
614 391 694 414 u.e.
806 427 907 469 sunt
939 424 987 468 C.
1018 425 1192 478 Marius,
1225 425 1299 481 qui
1329 426 1469 482 prima
1499 425 1716 519 stipendia
1743 425 1945 478 faciebat,
1977 428 2021 468 et
2052 424 2099 468 C.
2121 424 2331 476 Lucilius

801 485 1030 528 satirarum
1060 485 1257 540 scriptor.

443 541 527 586 133
608 541 691 586 621
755 541 856 587 Cos.
895 544 946 586 ..P
978 544 1147 586 Mucius
1182 543 1384 585 Scaevola
1416 542 1480 593 (is
1518 542 1591 597 qui
1631 543 1699 585 ius
1740 543 1866 586 civile
1908 542 2103 584 fundavit
2142 545 2185 584 et
2221 541 2330 583 hanc

803 602 1060 645 scientiam
1047 616 1092 644 in
1115 605 1287 658 gentem
1300 599 1488 644 Muciam
1507 600 1684 654 intulit),
1712 603 1767 644 L.
1789 602 2033 656 Calpurnius
2050 602 2147 644 Piso
2161 602 2304 654 Fruyi.
2307 600 2331 650 )

803 661 859 704 Ρ.
885 661 1034 717 Scipio
1065 673 1235 716 procos.
1257 660 1523 703 Numantiam
1553 659 1814 704 firmissimis
1844 661 2123 703 munimentis
2157 659 2332 711 claudit,

804 730 983 775 eamque
1013 722 1115 775 post
1147 719 1201 763 15
1222 720 1435 763 mensium
1468 719 1738 762 obsidionem
1767 732 1818 762 eo
1841 720 1990 775 adigit,
2023 722 2083 771 ut,
2115 718 2332 774 plerisque

802 779 962 821 civium
992 778 1247 831 interfectis,
1278 779 1435 834 reliqui
1466 791 1514 821 se
1545 778 1765 830 dederent,
1797 779 1953 835 quibus
1985 779 2065 821 sub
2086 778 2210 820 hasta
2231 790 2332 819 ven-

803 837 921 890 ditis,
952 840 1048 879 urbs
1078 839 1266 880 diruitur.
1301 860 1357 867 —
1395 837 1444 880 L.
1476 837 1579 880 Piso
1612 849 1701 881 cos.
1732 838 1778 880 in
1810 837 1961 881 Sicilia
1993 849 2141 880 servos
2173 835 2332 878 Messa-

802 909 901 938 nam
933 896 1181 940 obsidentes
1211 895 1359 939 vincit.
1663 920 1666 923 ·

780 963 791 968 ‘
827 952 830 955 ’
860 954 1024 997 Romae
1070 955 1135 998 Ti.
1170 955 1380 1010 Sempron.
1417 955 1646 1010 Gracchus,
1686 954 1785 997 trib.
1825 955 1899 1009 pl„
1947 955 2071 1009 leqem
2107 954 2332 1008 aqrariam,

800 1015 1031 1068 postquam
1061 1014 1117 1056 M.
1147 1014 1326 1056 Octavio
1358 1013 1570 1056 Caecinae
1600 1013 1888 1056 intercedenti
1917 1015 2177 1068 potestatem
2210 1012 2333 1054 abro-

802 1071 944 1126 gavit,
984 1071 1167 1127 perfert,
1209 1085 1263 1114 ne
1303 1072 1401 1127 quis
1431 1071 1546 1114 ultra
1584 1071 1672 1114 500
1700 1072 1852 1127 iugera
1881 1071 2146 1127 possideret,
2185 1071 2333 1125 utique

803 1129 951 1172 IIIviri
982 1132 1244 1183 crearentur,
1277 1131 1352 1185 qui
1382 1129 1497 1186 quod
1527 1133 1780 1185 superesset
1809 1131 1904 1186 agri
1925 1131 2104 1186 publici,
2134 1130 2252 1186 plebi
2272 1129 2333 1171 di·
2361 1162 2367 1166 ,

799 1188 1010 1231 viderent.
1064 1189 1214 1231 IIIviri
1245 1189 1512 1232 creatisunt
1543 1188 1611 1230 Ti.
1644 1191 1688 1231 et
1720 1187 1768 1230 C.
1793 1187 1992 1241 Gracchi,
2025 1193 2068 1231 et
2097 1188 2180 1244 Ap.
2207 1187 2332 1230 Clau-

771 1256 774 1258 ·
801 1247 914 1301 dius,
947 1260 1072 1291 socer
1093 1248 1271 1301 Tiberii,
1304 1248 1377 1304 qui
1406 1247 1538 1290 iidem
1568 1247 1811 1302 pecuniam,
1844 1260 1953 1302 quae
1986 1260 2041 1290 ex
2060 1248 2198 1289 Attali
2221 1249 2333 1301 reyis

801 1307 1046 1362 Perqameni
1075 1308 1297 1350 hereditate
1335 1307 1607 1358 obvenisset,
1649 1306 1704 1348 ad
1733 1319 1884 1363 agrum
1918 1306 2145 1349 colendum
2174 1306 2333 1348 instru-

799 1369 1078 1422 mentumque
1108 1367 1321 1410 rusticum
1353 1365 1687 1422 comparandum
1720 1364 1886 1408 colonis
1918 1365 2172 1408 dividerent.
2245 1364 2333 1407 Sed

804 1424 992 1468 Gracchi
1023 1426 1220 1478 consilia,
1259 1439 1359 1468 cum
1390 1427 1536 1481 aperte
1566 1425 1663 1468 tolli
1694 1437 1780 1467 non
1809 1425 2002 1480 possint,
2042 1424 2334 1480 impediuntur

803 1484 857 1526 ab
878 1485 1172 1540 optimatibus,
1202 1486 1313 1540 ipse,
1335 1498 1434 1527 cum
1454 1485 1613 1527 iterum
1634 1484 1732 1526 trib.
1753 1483 1849 1526 fieri
1871 1483 2077 1536 studeret,
2107 1497 2132 1525 a
2148 1483 2196 1526 P.
2215 1483 2332 1538 Scip.

803 1542 966 1586 Nasica
997 1544 1216 1586 consulari
1255 1544 1492 1599 eodemque
1523 1545 1642 1598 pont.
1673 1542 1789 1585 max]
1828 1541 2054 1598 (quoniam
2086 1543 2134 1585 P.
2165 1542 2333 1585 Mucius

802 1614 892 1645 cos.
925 1616 950 1644 a
978 1603 1138 1646 talibus
1171 1603 1366 1646 consiliis
1399 1600 1679 1654 abhorrebat)
1715 1602 1903 1644 tumultu
1935 1601 2072 1654 facto,
2113 1615 2211 1644 cum
2247 1600 2335 1644 300

800 1661 982 1704 asseclis
1013 1662 1059 1703 in
1091 1661 1306 1718 Capitolio
1339 1661 1564 1714 occiditur,
1596 1673 1830 1716 eorumque
1862 1673 2044 1716 corpora
2072 1661 2119 1703 in
2142 1660 2332 1702 Tiberim

797 1720 1097 1775 proficiuntur.

438 1775 521 1820 132
604 1775 690 1818 622
751 1778 801 1819 P.
825 1779 1030 1833 Popillius
1049 1779 1229 1832 Laenas,
1258 1780 1308 1821 P.
1331 1779 1540 1834 Rupilius,
1571 1777 1943 1821 commendatione
1963 1777 2159 1820 Africani
2178 1776 2332 1829 factus,

754 1886 766 1892 ,
802 1838 903 1880 novi
934 1850 1039 1890 cos.,
1081 1839 1358 1893 quaestiones
1391 1838 1444 1880 de
1477 1838 1609 1880 sociis
1642 1836 1922 1880 Gracchanae
1954 1836 2180 1879 seditionis
2212 1849 2332 1878 exer-

801 1900 914 1949 cent,
945 1909 1086 1952 neque
1114 1899 1260 1939 tamen
1291 1909 1379 1940 non
1411 1900 1588 1939 senatus
1619 1897 1714 1951 ipse
1745 1898 1896 1941 auctor
1923 1895 2035 1951 legis
2057 1895 2250 1951 agrariae
2270 1894 2333 1947 fit,

801 1958 946 1998 creato
977 1956 1023 1998 in
1054 1956 1199 1998 locum
1231 1956 1328 1999 Tib.
1364 1955 1550 1999 Gracchi
1582 1955 1796 1998 triumviri
1825 1955 1874 1997 P.
1903 1954 2044 1998 Licin.
2078 1953 2251 2006 Crasso,
2285 1953 2331 1995 C.

804 2014 992 2058 Gracchi
1023 2027 1188 2059 socero.
1253 2015 1302 2058 P.
1337 2015 1485 2071 Scipio
1515 2014 1692 2068 Nasica,
1727 2017 1776 2056 ut
1804 2013 1955 2070 populi
1985 2013 2083 2056 odio
2115 2013 2351 2068 eripiatur,-

801 2075 849 2116 in
879 2073 1028 2117 Asiam
1065 2075 1237 2130 legatus
1275 2075 1482 2127 mittitur,
1521 2087 1651 2130 quam
1687 2084 1825 2129 paene
1863 2085 2034 2115 omnem
2063 2073 2332 2124 Aristonicus,

736 2179 746 2195 ε
801 2132 1009 2176 Eumenis
1042 2146 1088 2176 se
1119 2133 1256 2176 filium
1285 2133 1444 2186 ferens,
1476 2135 1776 2189 occupaverat,
1807 2133 1953 2187 ibique
1985 2132 2168 2175 decedit.

861 2192 911 2233 P.
934 2191 1147 2247 Popillius
1178 2192 1349 2234 Italiam
1381 2192 1652 2247 Galliamque
1683 2195 1924 2247 acceperat,
1956 2192 2049 2234 vias
2078 2190 2332 2233 muniendas

804 2252 939 2292 curat.
1007 2251 1055 2292 P.
1089 2251 1289 2306 Rupilius
1328 2252 1374 2293 in
1405 2251 1558 2294 Sicilia
1589 2251 1922 2293 Tauromenium
1953 2250 2205 2305 Ennamque
2245 2262 2332 2292 ser-

715 2329 719 2334 ·
802 2321 952 2351 vorum
984 2309 1110 2352 sedes
1143 2310 1272 2365 capit.
1332 2311 1381 2352 P.
1415 2310 1563 2366 Scipio
1594 2309 1824 2352 Africanus
1857 2309 1910 2351 de
1940 2309 2239 2360 Numantinis,
2278 2309 2330 2350 D.

799 2367 962 2411 Brutus
1002 2367 1055 2411 de
1086 2368 1309 2411 Lusitanis
1349 2371 1393 2411 et
1431 2368 1648 2412 Gallaecis
1690 2369 1973 2424 triumphant:
2015 2369 2085 2411 hic
2122 2368 2332 2423 templum

800 2427 949 2469 Martis
981 2427 1027 2469 in
1058 2427 1174 2470 circo
1205 2428 1418 2471 Flaminio
1450 2427 1503 2470 de
1534 2427 1748 2470 manubiis
1781 2428 1955 2470 extruit.

440 2483 519 2526 131
606 2482 691 2526 623
754 2483 854 2527 Cos.
886 2486 936 2528 P.
968 2486 1158 2529 Licinius
1194 2487 1366 2529 Crassus
1395 2487 1596 2540 Muciam,
1625 2486 1758 2529 frater
1788 2487 1836 2529 P.
1868 2487 2014 2539 Mucii,
2046 2498 2135 2529 cos.
2168 2499 2206 2528 a.
2233 2485 2330 2537 133,

732 2562 735 2564 ·
801 2544 856 2587 L.
893 2545 1082 2588 Valerius
1113 2547 1298 2599 Flaccus,
1337 2545 1450 2588 fiam.
1488 2545 1629 2596 Mart.)
1688 2546 1737 2588 P.
1779 2545 1963 2588 Crassus
2003 2558 2093 2588 cos.
2133 2547 2176 2587 et
2211 2547 2331 2600 pont.

800 2617 914 2646 max.
954 2604 1078 2656 (loco
1110 2605 1158 2647 P.
1189 2604 1401 2658 Nasicae)
1439 2605 1590 2660 populi
1625 2606 1750 2648 iussn
1790 2604 1872 2656 (cf.
1907 2603 1997 2647 Cic.
2030 2604 2140 2646 Phil.
2177 2604 2245 2656 ll,
2278 2602 2328 2653 8)

800 2666 952 2705 contra
987 2662 1284 2707 Aristonicum
1320 2663 1541 2720 profectus
1579 2677 1671 2707 rem
1706 2662 1822 2706 haud
1858 2676 2064 2718 prospere
2104 2664 2237 2719 gerit,
2289 2665 2332 2704 et

801 2721 926 2764 initio
966 2723 1103 2778 inseq.
1152 2724 1254 2766 anni
1294 2723 1348 2766 ad
1388 2724 1558 2766 Leucas
1598 2724 1652 2765 ab
1690 2723 1888 2765 hostibus
1929 2734 2163 2777 oppressus
2203 2722 2329 2777 perit.

799 2779 847 2822 P.
882 2780 1082 2836 Rupilius
1113 2795 1283 2837 procos.
1317 2783 1528 2835 Siciliam,
1558 2782 1686 2824 Eunu
1716 2784 1865 2837 capto,
1905 2783 2033 2837 pacat
2072 2784 2116 2823 et
2147 2794 2202 2823 ex
2234 2793 2330 2823 sen-

800 2840 940 2881 tentia
968 2853 998 2881 x
1027 2841 1266 2896 legatorum
1299 2842 1419 2898 leges
1452 2816 1538 2894 dat,
1571 2842 1728 2897 quibus
1748 2841 1972 2897 provincia
1991 2840 2326 2882 administretur.

803 2919 859 2926 —
889 2897 1052 2940 Romae
1086 2899 1133 2942 C.
1166 2901 1364 2956 Papirius
1398 2900 1537 2944 Carbo
1564 2901 1664 2943 trib.
1695 2900 1754 2956 pl.
1787 2899 2059 2942 seditiosam
2075 2899 2217 2954 legem
2248 2898 2331 2940 fert

801 2957 853 2999 de
881 2957 982 3059 ttirib.
1013 2957 1072 3013 pl.
1103 2958 1364 3012 reficiendis,
1395 2972 1523 3015 quam
1554 2960 1602 3002 P.
1624 2959 1855 3002 Africanus
1887 2961 1931 3001 et
1963 2958 2010 3001 C.
2033 2958 2209 3001 Laelius
2242 2957 2328 3000 dis-

801 3029 879 3059 sua
911 3018 998 3059 ent.

865 3076 978 3118 Ceus.
1012 3074 1061 3127 Q.
1093 3074 1253 3118 Caecil.
1283 3076 1443 3119 Metell.
1473 3076 1652 3128 Maced,
1685 3075 1734 3127 Q.
1766 3076 2022 3131 Pompeius,
2063 3078 2177 3117 ambo
2202 3075 2329 3129 primi

800 3136 849 3176 de
873 3136 1007 3189 plebe,
1037 3137 1238 3177 creantur
1269 3135 1414 3186 (lustr.
1446 3134 1546 3184 59).

440 3191 529 3236 130·
603 3189 690 3235 624
751 3191 852 3236 Cos.
889 3194 932 3235 C'.
971 3194 1167 3236 Claudius
1196 3194 1385 3247 Pulcher,
1408 3195 1480 3243 2M.
1511 3192 1760 3248 Perperna.)
1801 3193 1856 3235 M.
1889 3193 2014 3249 Perp.
2049 3192 2201 3236 consul
2234 3191 2328 3243 (sed

800 3252 980 3307 originis
1011 3252 1287 3308 peregrinae)
1317 3253 1615 3296 Aristonicum
1645 3253 1808 3295 victum
1840 3252 2137 3296 Stratoniceae
2171 3251 2224 3294 ad
2256 3251 2327 3293 de-

799 3311 1005 3353 ditionem
1037 3312 1194 3367 adigit,
1238 3312 1315 3355 sed
1342 3314 1595 3369 priusquam
1622 3312 1887 3368 triumphare
1917 3314 2089 3367 posset,
2134 3325 2159 3352 a
2188 3311 2325 3365 inseq.

798 3370 894 3425 ipse
925 3370 1125 3426 Pergami
1155 3372 1259 3414 obit.

859 3427 907 3480 Q.
928 3429 1089 3471 Metelli
1120 3431 1313 3472 censoris
1343 3430 1432 3473 vita
1461 3431 1507 3472 in
1535 3430 1775 3485 periculum
1796 3431 1975 3471 vocatur
1996 3442 2021 3470 a
2042 3427 2204 3470 furioso
2225 3413 2324 3469 trib.

798 3486 857 3541 pl.
891 3485 937 3528 C.
968 3488 1116 3530 Atinio
1147 3488 1371 3542 Labeone,
1410 3488 1522 3532 Plin.
1554 3492 1642 3532 nat.
1674 3487 1848 3540 hist..7,
1884 3487 1981 3530 143.
2051 3487 2176 3529 Pont.
2210 3499 2323 3528 max.

799 3545 847 3588 P.
878 3545 1046 3588 Mucius
1078 3547 1125 3589 in
1153 3547 1298 3591 locum
1327 3547 1472 3590 fratris
1500 3546 1564 3590 fit.
