2392 4016
1050 220 1184 273 852¹·-

151 413 257 457 Eius
279 414 417 457 maior
436 412 464 456 f.
485 413 680 463 Saekucue
697 413 783 456 ΙΙΙ
797 412 1058 466 (Coruum)
1089 416 1190 471 post
1210 415 1300 458 tres
1329 425 1466 457 annos
1487 413 1533 456 in
1555 413 1748 471 Phrygia

210 485 308 515 cum
341 471 487 516 Attalo
518 471 677 524 bellum
710 484 867 529 gerens
898 473 1071 518 insidiis
1104 472 1262 521 ducum
1295 484 1472 515 suorum
1504 472 1672 516 tollitur

150 531 347 578 Fratrem
401 544 448 578 se
480 531 596 575 uitur
632 531 859 574 Antiochus
885 532 969 575 ΙΙΙ
1004 531 1058 576 15
1078 543 1320 601 annorum
1345 531 1556 587 (Maqm
1570 535 1748 607 postea

140 544 774 703 wearing-myrena
780 598 1052 635 accurrens
1153 593 1205 601 “
1210 594 1268 600 ”
1278 595 1306 599 “
1323 592 1448 599 “”’“’

153 649 202 692 In
286 662 331 693 ia
359 661 523 693 minore
541 648 735 693 Achaeus
779 650 1066 694 consobrinus
1097 649 1231 706 regis,
1262 647 1449 693 feliciter
1477 661 1579 692 cum
1599 647 1747 693 Attalo

211 721 289 764 per
319 720 455 751 annos
488 707 733 764 complures
765 707 956 753 dimicat.

151 766 334 811 Mediam
365 769 410 811 et
427 766 653 810 Persidem
673 766 918 812 Antiochus
949 770 1193 824 recuperat,
1225 779 1405 823 quarum
1438 770 1648 811 terrarum
1679 780 1748 811 sa-

211 828 359 883 trapae
389 824 503 869 Molo
534 828 579 871 et
607 825 856 871 Alexander
886 825 1149 879 defecerant,
1180 826 1313 871 etiam
1343 825 1530 870 Mediam
1562 826 1746 883 Atropa-

211 888 341 930 tenen
371 897 508 943 regno
540 883 752 942 adiungit.

153 943 261 987 Cum
292 944 542 988 Ptolemaeo
572 944 697 989 Philo
730 946 850 988 atore
881 945 1067 989 bellum
1074 945 1242 988 trienne
1279 945 1393 1001 gerit
1423 945 1746 1001 recuperandae

211 1002 367 1047 Coeles
399 1002 554 1059 Syriae
585 1006 629 1046 et
658 1003 692 1047 P
724 1004 900 1047 oenices
933 1016 1087 1047 causa.
1127 1003 1325 1061 proditur
1363 1004 1404 1047 ei
1436 1004 1672 1047 Ptolemais
1704 1007 1749 1048 et

209 1061 330 1118 Tyru
332 1074 376 1113 s;
406 1060 599 1106 Aradum
628 1062 926 1120 Berytumque
957 1064 1089 1120 capit,
1122 1063 1202 1107 sed
1231 1076 1257 1106 a
1288 1062 1451 1107 Sidone
1483 1063 1709 1119 repellitur

149 1121 302 1178 Pugna
331 1120 386 1164 ad
417 1120 628 1177 Raphiam
658 1122 800 1166 victus
831 1135 984 1178 pacem
1014 1123 1125 1191 petit
1155 1126 1285 1178 atque
1316 1122 1479 1178 accipit

150 1179 312 1224 Contra
330 1178 553 1224 Achaeum
582 1183 760 1237 propter
789 1181 908 1238 regis
939 1182 1215 1237 suspiciones
1245 1181 1300 1225 ad
1321 1181 1611 1225 defectionem
1631 1194 1749 1225 com-

285 1252 382 1283 sum
413 1241 458 1283 et
476 1238 609 1284 Asiae
639 1240 819 1284 minoris
850 1243 975 1298 parte
1006 1241 1193 1297 potitum
1223 1239 1529 1298 proficiscitur,
1561 1253 1746 1297 eumque

207 1239 419 1343 gadibus
449 1311 528 1355 per
557 1298 846 1364 proditionem
878 1300 996 1356 capit
1026 1302 1155 1357 atque
1186 1299 1395 1344 interficit

152 1355 273 1405 Cum
293 1356 549 1406 Parthorum
579 1371 685 1415 rege
714 1357 935 1405 Artabano
965 1371 1044 1415 per
1074 1359 1243 1415 aliquot
1270 1370 1408 1402 annos
1440 1358 1625 1402 feliciter
1655 1358 1747 1402 bel-

209 1416 299 1460 lum
330 1417 457 1473 gerit,
496 1415 576 1460 sed
602 1429 711 1474 pace
742 1417 858 1462 facta
885 1416 1150 1462 Parthienen
1179 1420 1224 1462 et
1252 1417 1519 1474 Hyrcaniam
1550 1417 1746 1461 obtinere

208 1489 308 1519 eum
338 1475 472 1527 iubet,
505 1475 675 1532 sibique
707 1476 874 1520 socium
905 1489 1004 1520 esse

147 1534 304 1580 Itidem
324 1534 654 1579 Bactrianorum
684 1548 832 1592 regem
853 1534 1174 1592 Euthydemum
1194 1535 1358 1582 victum
1377 1547 1562 1591 regnare
1582 1535 1747 1592 patitur

148 1593 199 1638 In
218 1593 388 1637 Indiam
406 1592 627 1652 profectus
649 1594 891 1651 elephantis
913 1595 1109 1652 acceptis
1131 1594 1258 1651 (quos
1282 1592 1368 1640 150
1382 1593 1529 1646 habet)
1551 1595 1745 1651 praemio

205 1652 415 1696 victoriae
447 1654 492 1696 et
521 1653 740 1697 amicitiae
770 1653 946 1697 domum
975 1654 1158 1698 revertit

148 1711 262 1756 Inita
291 1725 391 1756 cum
418 1710 619 1768 Philippo
649 1712 886 1756 Macedone
925 1713 1020 1756 adv.
1031 1712 1302 1772 Aegyptios
1329 1713 1555 1767 societate,
1596 1711 1747 1756 Coele-

151 1771 369 1873 “{ygiaam
400 1772 453 1872 eft!
473 1770 776 1875 ΡΐΙαοειιιιιιιιι
782 1769 1044 1830 recuperat
1074 1773 1191 1816 victo
1214 1763 1371 1830 Scopa
1401 1772 1456 1815 ad
1485 1745 1744 1816 Paneadem.

229 1843 258 1873 u
315 1842 379 1874 e1s
453 1840 506 1873 ve

148 1888 199 1933 In
227 1888 378 1934 Asiam
407 1889 619 1933 minorem
647 1888 954 1946 proficiscitur,
985 1892 1152 1933 remoto
1183 1889 1386 1946 Philippo
1417 1902 1621 1934 vacuam.
1660 1890 1744 1933 ins.

207 1961 275 1991 an.
298 1948 344 1991 in
362 1947 581 2005 Europam
601 1949 772 2004 transit,
805 1947 1126 1997 Chersonesum
1150 1948 1407 1993 Thracicam
1429 1952 1628 2005 occupat,
1659 1948 1748 2005 Ly-

207 2006 460 2052 simachiam
489 2007 687 2051 restituit

148 2066 187 2108 A
217 2065 425 2110 Romanis
465 2066 551 2113 sibi
587 2069 786 2112 metuens
823 2079 977 2123 pacem
1017 2079 1117 2112 cum
1146 2066 1260 2112 Ptol.
1291 2066 1518 2123 Epiphane
1557 2069 1602 2110 et
1631 2065 1746 2111 filiae

208 2124 464 2181 Cleopatrae
495 2126 670 2181 nuptias
702 2126 925 2182 componit
1604 2125 1746 2169 hieme

149 2182 295 2228 Novas
326 2185 634 2240 possessiones
673 2184 837 2238 firmat,
879 2197 979 2229 cum
1018 2187 1174 2229 senatu
1204 2184 1329 2228 Rom.
1370 2183 1424 2227 de
1462 2184 1656 2228 amicitia
1685 2184 1746 2227 fa·

207 2242 361 2288 cienda
389 2243 561 2299 agitans
592 2243 765 2288 ducitur
794 2257 872 2300 per
902 2244 1068 2299 aliquot
1099 2256 1251 2297 annos,
1282 2243 1421 2287 donec
1452 2243 1588 2301 legati
1618 2243 1742 2288 Rom.

206 2315 304 2346 eum
335 2301 489 2346 cedere
519 2302 696 2360 Europa
719 2306 769 2362 ¹et
798 2303 979 2348 urbibus
1012 2302 1279 2348 Graecorum
1309 2303 1462 2347 iubent

146 2361 388 2405 Hannibale
427 2363 604 2407 auctore
645 2365 690 2406 et
727 2361 898 2410 Aetolis
935 2361 1288 2416 adhortantibus,
1326 2362 1489 2406 bellum
1530 2375 1628 2406 cum
1660 2362 1746 2406 Ro-

204 2420 345 2467 manis
367 2423 570 2478 gesturus
591 2421 637 2465 in
660 2420 888 2466 Graeciam
907 2421 1078 2475 transit,
1112 2421 1191 2466 sed
1212 2420 1419 2467 Chalcide
1441 2420 1606 2466 diutius
1629 2434 1744 2465 com-

204 2482 396 2523 moratus
428 2479 483 2523 ad
513 2479 846 2538 nummus
851 2480 893 2533 i
881 2483 1038 2538 ugfflr

145 2539 365 2584 Romani·
351 2552 399 2582 ιιι
420 2538 572 2585 Asiam
590 2540 815 2598 traiiciunt
858 2493 1123 2585 Antiochum
1145 2538 1201 2600 ad
1221 2539 1291 2583 Ma
1323 2539 1488 2583 nesiam
1510 2538 1748 2603 devincunt

146 2598 260 2643 Pace
290 2597 420 2651 facta,
450 2598 621 2655 ingenti
650 2612 836 2656 pecuma
866 2593 911 2643 et
940 2593 1048 2642 Em
1078 2611 1142 2642 cis
1215 2611 1366 2641 aurum
1378 2594 1629 2641 multatur
1650 2598 1668 2603 ’“

146 2657 380 2702 Pecuniam
411 2657 608 2703 studiose
638 2659 901 2715 conquirens
933 2658 987 2701 ab
1020 2657 1243 2713 Elymaeis
1273 2656 1533 2701 interficitur

145 2716 340 2760 Seleucus
357 2716 437 2759 IV
461 2716 756 2772 (Philopator)
792 2716 846 2761 12
866 2729 1015 2762 annos
1045 2719 1205 2771 regnat
1234 2716 1397 2760 tributo
1420 2715 1628 2760 Romanis
1651 2729 1746 2773 per-

205 2774 414 2820 solvendo
443 2776 570 2833 regni
601 2788 657 2832 op
659 2788 707 2820 es
738 2775 999 2822 exhauriens
1035 2787 1172 2831 usque
1204 2774 1260 2819 ad
1291 2787 1450 2819 annum

146 2834 371 2878 Antiochus
406 2834 486 2876 IV
518 2834 543 2887 (
551 2834 795 2890 Epiphanes
831 2834 903 2879 vel
938 2832 1197 2890 Epimanos)
1237 2834 1332 2879 eius
1371 2833 1524 2887 frater,
1564 2833 1744 2879 excluso

202 2892 348 2937 fratris
378 2891 470 2937 filio
501 2891 737 2947 Demetrio,
777 2893 854 2950 qui
883 2893 1048 2937 Romae
1080 2893 1210 2937 obses
1243 2896 1332 2947 est,
1374 2906 1452 2937 rex
1483 2892 1626 2937 factus
1658 2893 1744 2937 Eu-

205 2952 346 2996 menis
378 2951 556 3005 auxilio,
586 2951 809 2996 luxuriose
839 2952 960 3007 vivit,
992 2951 1226 3010 magnifica
1256 2964 1388 3010 opera
1417 2953 1593 2997 extruit.

147 3010 317 3054 Bellum
348 3023 445 3054 cum
468 3009 702 3068 Aegyptiis
732 3011 909 3068 regibus
942 3011 1068 3069 gerit,
1099 3012 1238 3056 vincit
1257 3011 1313 3056 ad
1334 3011 1572 3064 Pelusium,
1605 3023 1742 3068 usque

205 3069 260 3113 ad
289 3069 522 3125 Memphim
557 3072 769 3126 penetrat.
832 3070 946 3115 Tum
982 3071 1183 3128 repulsus
1220 3071 1457 3115 maioribus
1489 3082 1540 3114 co
1573 3070 1627 3112 iis
1656 3069 1742 3114 Ae-

205 3129 576 3231 lgrypZumRintrat,
618 3128 699 3174 sed
726 3142 781 3175 ea
809 3129 1028 3175 abstinere
1059 3131 1232 3187 cogitur
1261 3143 1288 3174 a
1317 3128 1504 3187 Popillio
1534 3083 1740 3182 faenate,

223 3200 305 3243 ega
325 3199 350 3231 o
422 3198 491 3230 om

147 3246 308 3299 Iudaei,
340 3245 414 3289 diu
445 3245 607 3299 vexati,
638 3243 847 3293 deficiunt
876 3246 988 3291 duce
1018 3246 1245 3291 Mattathia
1276 3245 1502 3292 sacerdote

147 3303 278 3347 Iudas
297 3278 583 3349 'Maccabaeus
605 3303 814 3360 Syrorum
846 3306 1043 3349 exercitu
1073 3305 1128 3349 ad
1149 3306 1330 3349 Emaum
1352 3306 1484 3359 victo,
1515 3305 1742 3362 captisque

205 3362 537 3419 Hierosolymis,
550 3363 777 3433 ‘templum
809 3365 957 3421 expiat

147 3421 321 3524 Simqn,
358 3420 491 3466 frater
521 3422 639 3475 eius,
680 3435 862 3479 regnum
894 3424 1040 3467 tuetur
1071 3422 1200 3480 idque
1232 3422 1386 3468 Ioanni
1415 3422 1621 3480 Hyrcano
1654 3422 1742 3467 filio

205 3494 252 3525 re
270 3494 314 3525 ιιι
348 3479 424 3524 uit.

147 3493 390 3585 Antioclcilus
421 3539 576 3585 incidit
606 3542 651 3585 ιιι
673 3541 903 3597 insaniam,
933 3553 985 3587 ac
1007 3541 1189 3586 moritur
1210 3543 1312 3600 post
1331 3554 1514 3600 reguum
1537 3541 1586 3585 11
1612 3541 1743 3599 paulo

207 3599 305 3656 plus
337 3611 547 3644 annorum

1770 379 1803 404 a.
1811 370 1894 404 Chr.

1798 475 1885 520 224

1800 766 1888 811 220

1800 943 1886 988 219

1797 1053 1886 1107 218

1797 1122 1884 1166 217

1798 1297 1885 1343 215

1797 1474 1886 1519 210

1797 1534 1883 1578 206

1799 1651 1885 1697 205

1801 1828 1886 1875 198

1800 2005 1884 2051 196

1799 2123 1883 2169 196

1798 2301 1882 2347 192

1795 2420 1883 2464 192

1800 2480 1880 2525 191

1800 2539 1886 2583 190

1754 2604 1757 2605 f
1778 2596 1918 2642 ms-.

1800 2656 1882 2701 187

1799 2773 1883 2819 175

1801 3185 1883 3231 168

1800 3244 1880 3289 167

1794 3364 1877 3409 165

1798 3601 1880 3646 164

2022 222 2084 268 43

1936 370 2085 413 οιγωρ.

1952 475 2034 521 139
2061 476 2078 518 1

1953 769 2081 812 1401

1952 943 2080 998 14Οᾶ

1950 1122 2084 1167 1404

1951 1298 2030 1343 141
2057 1298 2083 1341 2

1950 1828 2033 1874 145
2055 1829 2082 1872 2

1949 2422 2031 2466 147
2058 2422 2077 2465 l

1949 2482 2030 2525 147
2059 2483 2078 2524 1

1949 2540 2031 2584 147
2053 2540 2081 2584 3

1949 2657 2032 2702 148
2053 2658 2081 2702 2

1948 2773 2027 2819 151
2053 2775 2081 2819 2

1949 3246 2030 3291 153
2053 3247 2079 3290 2

1944 3363 2028 3411 153
2050 3365 2078 3410 4

1946 3601 2028 3647 154
2055 3603 2074 3648 1
