2392 4016
629 131 680 173 ab
713 144 818 173 anno
848 145 890 183 p.
913 129 1008 172 Chr.
1041 131 1126 171 268
1158 143 1286 182 usque
1316 131 1369 171 ad
1400 143 1550 172 annum
1583 131 1683 171 285.
2039 129 2125 175 175

603 323 712 381 Imp.
744 322 924 367 Tacitus
955 321 999 367 11
1029 335 1129 367 cum
1148 321 1395 368 Aemiliano
1426 322 1580 367 consul
1611 322 1801 380 Scythas
1832 318 2049 375 (Alanos),
2079 321 2126 365 in

615 382 830 426 -Pontum
862 386 907 426 et
937 381 1257 440 Cappadociam
1286 383 1578 435 incursantes,
1614 381 1835 439 profligat,
1867 380 1945 425 sed
1975 393 2124 424 mense

642 440 784 498 Aprili
816 441 982 499 Tyanis
1013 442 1084 486 vel
1116 441 1245 487 Tarsi
1275 441 1426 486 morbo
1457 440 1643 485 decedit.
1707 441 1942 498 Imperium
1975 440 2128 497 arripit

642 501 707 543 M.
739 501 899 544 Annius
934 502 1176 555 Florianus,
1224 500 1369 546 Taciti
1407 499 1564 553 frater,
1611 499 1712 554 sed,
1757 499 1949 543 nondum
1996 499 2126 543 tertio

642 573 793 605 mense
825 563 1001 615 exacto,
1034 573 1060 603 a
1089 560 1154 604 M.
1185 561 1357 605 Aurelio
1388 559 1606 603 PROBO
1636 560 1941 616 competitore,
1981 571 2125 615 quem,

643 619 794 663 Sirmii
832 622 1002 673 natum,
1052 619 1233 664 Tacitus
1275 622 1324 663 ob
1364 620 1615 676 simularem
1642 620 1932 675 fortitudinem
1972 617 2125 660 ducem

643 678 928 722 Orientalium
978 679 1250 722 exercituum
1296 679 1625 736 designaverat,
1679 677 1735 722 ad
1780 677 2124 733 desperationem

643 738 823 781 adactus
856 737 985 780 Tarsi
1013 737 1147 780 vitam
1177 736 1287 781 finit.

191 797 277 841 277
344 796 460 842 1030
519 794 547 839 2
609 796 778 840 Probus
821 796 936 848 (cos.
967 807 1065 839 cum
1104 796 1160 838 M.
1192 795 1370 840 Aurelio
1400 795 1625 847 Paullino)
1665 794 1928 848 Germanos,
1968 807 2126 851 magna

639 858 763 912 parte
786 853 954 898 Galliae
973 855 1137 912 potitos
1171 853 1398 908 (Francos,
1419 855 1601 912 Lygios‚
1629 854 1980 912 Burgundiones,
2010 854 2125 897 Van·

642 912 799 968 dalos),
831 913 976 957 caedit
1005 916 1134 971 atque
1164 914 1211 957 in
1231 915 1330 972 ipsa
1353 914 1499 959 Germ.
1523 917 1568 958 et
1597 915 1680 958 hoc
1702 919 1746 958 et
1764 915 1964 971 proximo
1997 926 2125 966 anno,

187 973 274 1018 278
338 973 449 1018 1031
513 973 540 1018 3
601 985 686 1030 quo
726 974 823 1031 ipse
853 974 957 1030 imp.
991 986 1081 1017 cos.
1110 973 1155 1017 ΙΙ
1186 986 1286 1018 eum
1316 974 1439 1031 Lupo
1467 974 1575 1028 fuit,
1605 973 1769 1018 bellum
1799 975 1888 1016 tam
1918 984 2126 1030 prospere

641 1033 776 1091 gerit,
816 1035 865 1076 ut
895 1045 1050 1076 novem
1078 1045 1208 1090 reges
1241 1046 1289 1077 se
1321 1033 1375 1077 ad
1406 1033 1673 1077 deditionem
1703 1033 1905 1089 adegisse
1937 1044 2126 1076 omnem-

571 1150 576 1154 ·
642 1105 726 1150 que
759 1091 903 1136 Germ.
926 1092 1157 1149 subegisse
1189 1092 1412 1149 glorietur.
1473 1092 1755 1137 Munimentis
1785 1093 1899 1135 inter
1926 1091 2125 1134 Rhenum

643 1154 688 1195 et
717 1151 962 1195 Da'nubium
993 1151 1121 1195 factis
1154 1153 1255 1195 novi
1286 1152 1448 1196 limites
1479 1151 1726 1206 firmantur,
1760 1150 1990 1196 Germanis
2021 1150 2125 1193 tiro-

641 1211 770 1254 nibus
801 1223 880 1267 per
901 1211 1097 1268 singulas
1119 1211 1322 1256 cohortes
1344 1211 1591 1255 distributis
1613 1212 1833 1255 exercitus
1856 1210 2126 1267 supplentur.

190 1272 276 1318 279
350 1271 463 1317 1032
523 1270 552 1314 4
613 1269 721 1327 Imp.
753 1270 922 1313 Probus
954 1282 1044 1314 cos.
1076 1269 1142 1313 III
1173 1283 1272 1315 cum
1302 1271 1446 1315 Nonio
1477 1271 1665 1315 Paterno
1696 1270 1740 1314 11
1771 1270 1991 1322 Raetiam,
2022 1268 2126 1326 llly-

641 1330 798 1382 ricum,
830 1328 1060 1374 Thraciam
1089 1332 1234 1385 pacat.

192 1390 281 1435 280
345 1389 459 1434 1033
521 1387 549 1433 5
611 1387 712 1432 Cos.
736 1386 898 1432 Gratus
930 1391 976 1431 et
1004 1388 1242 1442 Messalla.)
1304 1388 1658 1433 Occidentalibus
1688 1388 1926 1445 provinciis
1957 1386 2126 1444 pacatis

642 1447 812 1491 Probus
842 1448 888 1490 in
917 1447 1069 1491 Asiam
1107 1447 1238 1502 redit,
1281 1448 1360 1492 sed
1397 1449 1651 1506 priusquam
1693 1447 1939 1502 adveniret,
1977 1446 2128 1489 Satur-

639 1508 760 1549 ninus
797 1505 990 1550 affectati
1035 1506 1207 1563 imperii
1251 1519 1417 1562 poenas
1455 1506 1676 1564 Apameae
1723 1506 1877 1549 luerat.
1950 1505 2126 1549 Isauros

644 1567 832 1619 coercet,
862 1565 1069 1622 Blemyas
1102 1578 1159 1609 ex
1187 1565 1394 1623 Aegypto
1427 1567 1560 1610 eiicit.

185 1626 269 1671 281
337 1625 452 1671 1034
513 1624 540 1669 6
601 1624 710 1682 Imp.
743 1624 912 1668 Probus
952 1625 1016 1670 IV
1053 1637 1153 1668 cum
1201 1625 1436 1670 Tiberiano
1485 1624 1640 1670 consul
1678 1624 1988 1668 Bastarnarum
2027 1635 2126 1666 ceu-

649 1687 743 1728 tum
785 1684 981 1728 millibus
1023 1684 1207 1740 aliisque
1247 1685 1443 1729 barbaris
1482 1685 1612 1729 sedes
1653 1685 1700 1727 in
1739 1683 1927 1727 Thracia
1960 1682 2126 1735 tribuit,

639 1744 821 1787 Romam
858 1756 1061 1787 reversus
1099 1743 1365 1800 triumphum
1414 1744 1548 1787 ducit.
1609 1743 1712 1787 Mox
1749 1743 1795 1786 in
1836 1742 2022 1786 Galliam
2060 1754 2127 1784 re-

641 1815 796 1846 versus
817 1802 1051 1846 Proculum
1082 1805 1128 1845 et
1146 1802 1385 1858 Bonosum,
1417 1815 1552 1847 novas
1583 1815 1655 1847 res
1685 1802 1875 1855 molitos,
1908 1801 2126 1858 opprimit,

641 1862 813 1964 iargque
853 1862 908 1905 ad
948 1864 1202 1919 exoptatum
1239 1861 1371 1906 finem
1411 1863 1608 1906 laborum
1655 1874 1703 1906 se
1742 1862 1995 1919 pervenisse
2035 1860 2126 1918 opi-

638 1934 696 1964 na
726 1923 836 1964 atur.

186 1981 274 2027 282
337 1980 451 2027 1035
512 1980 539 2026 7
601 1980 708 2037 Imp.
730 1980 899 2024 Probus
920 1979 962 2024 V
982 1992 1081 2023 cum
1101 1979 1328 2025 Victorino
1359 1980 1527 2034 consul,
1556 1992 1708 2024 mense
1729 1979 1944 2036 Augusto,
1977 1977 2126 2022 Sirmii

642 2053 669 2082 a
698 2039 911 2083 militibus
943 2039 1058 2094 suis,
1096 2051 1279 2096 quorum
1310 2040 1476 2084 viribus
1507 2041 1553 2083 in
1585 2038 1860 2083 exsiccandis
1892 2037 2124 2095 paludibus

645 2099 850 2152 abutitur,
879 2111 1031 2142 mense
1064 2099 1239 2143 circiter
1269 2098 1383 2157 Aug.
1414 2098 1687 2143 interficitur.
1750 2098 1940 2142 Evectus
1973 2100 2041 2140 est
2071 2096 2126 2139 ad

637 2158 742 2215 imp.
774 2158 839 2201 M.
870 2158 1067 2202 Aurelius
1101 2158 1324 2212 CARUS,
1355 2159 1559 2203 Narbone
1588 2158 1636 2202 in
1669 2157 1813 2202 Gallia
1842 2159 1993 2209 natus,
2033 2159 2124 2199 tum

640 2217 829 2261 maxime
859 2217 995 2274 praef.
1025 2218 1268 2274 praetorio,
1307 2219 1383 2274 qui
1414 2213 1655 2261 Cunnum
1688 2220 1731 2260 et
1763 2212 2124 2268 Numantianum,

638 2275 755 2320 filios
787 2288 915 2331 suos,
957 2275 1215 2331 Caesarum,
1253 2289 1358 2321 mox
1396 2276 1695 2335 Augustorum
1735 2275 1947 2332 dignitate
1986 2278 2124 2318 ornat.

641 2335 795 2380 Caesis
828 2335 1064 2391 Sarmatis,
1097 2337 1173 2394 qui
1201 2339 1305 2393 post
1334 2339 1518 2381 mortem
1551 2337 1684 2381 Probi
1713 2335 2044 2387 rebellaverant,

185 2396 274 2442 283
338 2396 452 2442 1036
514 2394 542 2440 2
602 2394 743 2449 (Caro
783 2397 828 2439 et
866 2394 1025 2439 Carino
1072 2394 1180 2446 cos.)
1222 2395 1429 2440 Carinum
1475 2397 1522 2440 in
1562 2395 1749 2440 Galliam
1797 2407 1895 2437 cum
1941 2393 2124 2450 imperio

540 2473 542 2475 >
639 2454 798 2508 mittit,
837 2454 934 2512 ipse
973 2467 1072 2498 cum
1110 2455 1378 2499 Numeriano
1419 2454 1474 2498 ad
1520 2454 1683 2499 bellum
1727 2454 1951 2497 Persicum
1996 2451 2125 2509 profi-

641 2514 833 2557 ciscitur.
894 2513 1067 2557 Varane
1098 2526 1202 2571 rege
1234 2513 1487 2558 domesticis
1525 2513 1654 2558 bellis
1686 2515 1920 2569 occupato,
1955 2512 2123 2568 Tigrim

639 2573 823 2626 traiicit,
862 2571 1192 2630 Ctesiphontem
1222 2573 1361 2630 capit,
1400 2573 1490 2617 sed'
1514 2585 1649 2631 prope
1700 2585 1797 2616 eam
1834 2571 2010 2624 urbem,
2050 2584 2123 2615 ex·

639 2634 779 2675 tremo
810 2644 937 2685 anno,
969 2634 1045 2675 aut
1073 2631 1254 2676 fulmine
1285 2635 1361 2676 aut
1390 2632 1540 2677 morbo
1570 2631 1696 2691 perit.

185 2692 274 2738 284
338 2691 450 2737 1-037
606 2690 708 2736 Cos.
732 2689 890 2734 Carino
911 2690 955 2734 11
985 2693 1031 2735 et
1050 2690 1315 2735 Numeriano
1338 2691 1381 2735 11
1405 2691 1691 2737 Numerianus
1714 2703 1812 2734 cum
1843 2689 2039 2733 exercitu
2069 2688 2124 2732 ad

641 2749 975 2806 Hellespontum
1012 2750 1210 2803 rediens,
1241 2749 1359 2795 Arrii
1387 2751 1518 2808 Apri,
1558 2750 1693 2808 praef.
1724 2752 1860 2807 praet.
1899 2752 1944 2792 et
1982 2748 2124 2792 soceri

567 2816 570 2820 '
642 2809 725 2862 sui,
755 2808 906 2853 fraude
947 2809 1059 2852 clam
1091 2812 1289 2854 necatur:
1329 2822 1415 2867 quo
1446 2810 1638 2855 facinore
1670 2811 1915 2865 comperto,
1946 2808 2122 2860 milites,

642 2867 944 2912 crudelitatem
975 2870 1019 2912 et
1046 2868 1263 2912 luxuriam
1286 2867 1448 2924 Carini,
1482 2869 1644 2914 Romae
1676 2872 1768 2912 tum
1789 2868 1976 2911 maxime
2006 2879 2122 2911 com-

526 2927 546 2970 1
640 2927 872 2981 morantis,
918 2931 1200 2985 aspernantes
1213 2961 1224 2982 ,
1276 2928 1320 2972 Ο.
1359 2929 1573 2972 Aurelium
1621 2929 1826 2972 Valerium
1865 2925 2122 2969 DIOCLE-

646 2986 915 3042 TIANUM,
954 2986 1109 3031 humili
1138 3000 1297 3045 genere
1329 3000 1386 3032 ex
1415 2987 1633 3032 Dalmatia
1663 2990 1827 3040 ortum,
1859 2986 2015 3030 ducem
2046 2985 2122 3029 do-

639 3046 944 3101 mesticorum,
993 3045 1268 3091 Chalcedone
1308 3060 1346 3090 a.
1386 3046 1428 3090 d.
1462 3046 1518 3091 15
1551 3046 1643 3091 Cal.
1684 3047 1778 3090 Oct.
1816 3046 2120 3102 imperatorem

641 3108 804 3159 creant,
834 3105 1053 3150 hominem
1084 3105 1342 3163 prudentem
1374 3108 1418 3150 et
1441 3106 1733 3160 ambitiosum,
1766 3104 1846 3149 sed
1876 3105 2015 3149 servis
2046 3117 2121 3161 pa·

641 3164 854 3219 rentibus,
884 3166 934 3208 ut
961 3165 1168 3209 traditum
1199 3168 1281 3219 est,
1313 3167 1476 3209 natum.

189 3221 275 3267 285
339 3221 453 3267 1038
517 3221 543 3265 2
603 3220 648 3266 Is
689 3233 781 3267 eos.
811 3222 855 3268 11
886 3235 985 3268 cum
1015 3223 1292 3278 Aristobu10,
1319 3236 1470 3269 mense
1499 3223 1654 3268 Martio
1686 3236 1783 3267 cum
1817 3221 1975 3267 Carino
2007 3220 2122 3279 apud

640 3280 857 3339 Margum,
913 3281 1104 3327 Moesiae
1159 3283 1311 3327 urbem
1356 3283 1412 3327 ad
1461 3283 1600 3342 ripam
1645 3282 1856 3335 Danubii,
1908 3280 2119 3338 confligit.

642 3340 815 3386 Proelio
865 3342 1063 3399 superior
1101 3341 1247 3386 evadit
1289 3342 1484 3397 Carinus,
1535 3342 1614 3387 sed
1650 3341 1779 3399 paulo
1817 3343 1919 3399 post
1957 3353 1984 3384 a
2020 3340 2118 3385 trib.

642 3399 748 3455 mil„
778 3401 903 3446 cuius
938 3401 1141 3459 privatim
1168 3401 1421 3447 iuimicitias
1452 3404 1681 3456 meruerat,
1714 3402 1971 3454 interficitur.
2035 3398 2119 3443 Ita-

644 3471 728 3515 que
765 3459 994 3518 imperium
1032 3460 1215 3518 adeptus
1256 3460 1578 3515 Diocletianus,
1626 3474 1725 3506 cum
1763 3459 1995 3513 rusticani,
2025 3459 2119 3502 Ba-

640 3520 871 3574 qaudam·
907 3520 1103 3574 nomine,
1144 3519 1330 3564 Galliam
1369 3521 1656 3574 seditionibus
1687 3520 1933 3574 miscerent,
1966 3514 2119 3562 Maxi-
