2392 4016
347 207 431 252 168

1107 202 1284 241 Annales
1313 202 1484 240 Romani

343 364 380 393 p.
393 352 435 386 C.
490 362 574 385 u.c.
637 352 726 390 imp.

797 396 844 439 in
875 393 1103 450 sepulchro
1124 389 1441 435 Antoninorum
1473 393 1728 446 conduntur,
1762 405 2021 448 quamquam
2054 393 2138 436 sibi
2163 394 2272 437 suis-

799 467 882 511 que
914 452 1190 509 sepulchrum
1223 451 1519 507 Septizonium
1550 452 1596 494 in
1626 452 1698 495 via
1727 451 1869 507 Appia
1901 452 2107 494 extruxit.
2159 450 2164 455 ’

344 514 430 558 212
493 513 579 558 965
671 514 697 556 2
761 514 808 557 C.
841 513 952 556 Iulio
983 512 1125 567 Aspro
1158 510 1200 553 II
1232 513 1277 553 et
1306 509 1448 566 Aspro
1480 522 1569 553 cos.
1605 509 1854 554 Caracallus
1887 511 2004 554 circa
2037 509 2127 554 Cal.
2149 510 2271 553 Mart.

348 1217 434 1264 213

348 1512 434 1556 214

347 1804 433 1849 215

346 2041 433 2085 216

348 2216 433 2260 217

348 2803 435 2847 218

797 573 974 615 fratrem
1002 571 1049 613 in
1081 570 1224 613 sinum
1244 569 1395 612 matris
1418 568 1739 626 confugientem
1770 567 1961 621 (circiter
1987 568 2044 612 22
2067 583 2104 611 a.
2126 571 2274 612 natum

798 641 849 673 vl
882 629 974 673 Cal.
1006 627 1121 681 Iun.)
1154 627 1328 681 occidit,
1361 628 1490 671 simul
1521 640 1683 681 eorum,
1716 629 1790 684 qui
1820 629 1938 671 illius
1972 631 2153 671 mortem
2185 641 2274 671 mo-

645 696 694 730 tr.
796 690 907 732 leste
939 688 1050 731 ferre
1080 687 1342 740 viderentur,
1389 687 1623 730 maximum
1654 700 1878 730 numerum
1909 690 1953 730 et
1982 688 2028 730 in
2058 687 2113 730 iis
2145 688 2275 730 etiam

624 754 709 799 pot.
801 749 1089 803 Papinianum.
1149 747 1335 789 Militum
1367 746 1714 790 benevolentiam
1751 747 2001 802 ingentibus
2033 745 2158 788 donis
2190 746 2277 788 sibi

643 810 694 847 15
801 807 1027 859 conciliat,
1066 806 1121 848 ob
1153 818 1263 861 quae
1297 807 1340 848 et
1369 806 1560 861 reliquos
1593 806 1711 849 cives
1742 806 1917 849 tributis
1950 805 2149 848 exhaurit
2179 804 2275 856 (de-

801 867 913 909 cima
950 865 1237 908 hereditatum
1275 877 1354 920 pro
1395 865 1608 921 vigesima
1643 865 1866 918 instituta,
1907 867 1951 907 et
1982 864 2152 907 sublato
2182 864 2276 906 iure

2372 210 2392 438 *vinee-nasuc-
2372 155 2392 203 ..Ἅι
2374 95 2392 144 ’,ιι-

803 923 1069 968 succedendi
1106 924 1160 966 ab
1202 922 1437 976 intestato)
1478 926 1522 967 et
1560 924 1821 967 ditissimum
1859 936 2071 979 quemque
2102 922 2278 975 occidit,
2330 924 2336 929 ’
2382 903 2383 906 ¹

797 986 842 1026 et
862 985 1064 1025 civitatem
1085 998 1171 1024 cum
1191 985 1371 1024 omnibus
1385 998 1463 1036 per
1483 985 1577 1038 imp.
1594 983 1711 1025 Rom.
1729 985 1914 1038 inqenuis
1935 984 2157 1025 hominibus
2176 998 2277 1025 com·

799 1043 989 1084 manicat.
1053 1041 1153 1096 Ipse
1186 1041 1421 1096 affligatur,
1451 1041 1616 1084 bestias
1648 1041 1804 1094 caedit,
1836 1055 1934 1085 cum
1965 1041 2277 1097 gladiatoribus

802 1100 992 1151 dimicat,
1023 1099 1192 1142 libertis
1227 1100 1302 1149 (ac
1322 1099 1451 1142 matri
1472 1099 1633 1150 Iuliae)
1663 1113 1807 1143 rerum
1839 1101 2110 1156 publicarum
2131 1114 2278 1144 curam

798 1160 1018 1214 relinquit.

496 1220 582 1265 966
673 1220 700 1264 3
764 1218 864 1264 Cos.
896 1218 951 1260 M.
984 1216 1131 1260 Aurel.
1161 1213 1412 1259 Antoninus
1442 1214 1556 1271 Aug.
1588 1215 1665 1269 IV,
1696 1215 1749 1258 D.
1773 1215 1948 1260 Caelius
1979 1217 2190 1262 Balbinus
2220 1219 2278 1272 II,

648 1284 698 1318 tr.
801 1278 875 1334 qui
922 1279 1078 1333 postea
1114 1274 1378 1332 imperavit.)
1459 1275 1599 1318 Roma
1643 1274 1865 1332 profectus
1905 1276 2022 1320 circa
2060 1278 2278 1322 exercitus

626 1343 712 1389 pot.
802 1335 1093 1393 provinciales
1124 1337 1345 1387 versatur,
1387 1347 1539 1390 pacem
1580 1349 1606 1378 a
1637 1334 1908 1378 Germanicis
1941 1336 2142 1391 gentibus
2175 1350 2278 1380 auro

647 1399 699 1436 16
801 1396 982 1452 probato
1016 1407 1179 1447 emens,
1211 1394 1312 1436 dum
1337 1405 1439 1436 suos
1462 1394 1624 1437 milites
1646 1394 1834 1437 nummis
1857 1394 2111 1439 adulterinis
2134 1396 2278 1440 donat.

803 1454 1053 1499 Germanici
1081 1456 1226 1496 tamen
1257 1453 1431 1496 nomine
1463 1456 1640 1496 ornatus
1671 1455 1715 1496 in
1748 1453 1898 1496 urbem
1928 1455 2170 1498 revertitur.

496 1513 581 1557 967
672 1514 701 1557 4
764 1513 865 1557 Cos.
896 1513 1102 1556 Messalla
1133 1515 1177 1555 et
1207 1511 1431 1563 Sabinus.)
1486 1512 1538 1554 In
1567 1511 1832 1555 Alemannos
1865 1515 1909 1555 et
1938 1513 1985 1555 in
2015 1513 2153 1556 Dacia
2182 1514 2278 1557 adv.

804 1573 958 1616 Gothos
990 1572 1081 1614 sive
1115 1570 1250 1614 Getas
1283 1570 1399 1622 (inde
1437 1570 1603 1613 Geticus
1633 1584 1767 1614 sensu
1798 1571 2028 1627 ambiguo)
2059 1573 2170 1615 male
2200 1587 2278 1629 pu-

800 1634 928 1687 gnat,
971 1629 1070 1673 dein
1107 1643 1186 1686 per
1214 1629 1513 1673 Macedoniam
1551 1630 1695 1673 furore
1734 1630 1933 1673 imitandi
1962 1632 2121 1674 veteris
2159 1633 2278 1688 regis

799 1689 1039 1732 Alexandri
1078 1693 1325 1744 correptus,
1363 1689 1411 1730 in
1449 1687 1601 1732 Asiam
1637 1688 1858 1746 profectus
1898 1689 2178 1733 Nicomediae
2215 1691 2279 1734 hi-

800 1749 967 1791 bernat.

496 1806 584 1850 968
675 1806 702 1851 5
767 1807 868 1851 Cos.
909 1806 1070 1849 Laetus
1111 1804 1156 1848 II
1193 1807 1238 1848 et
1280 1803 1510 1857 Cerealis.)
1585 1804 1861 1849 Antiochiam
1899 1808 1945 1850 in
1980 1807 2152 1863 Syriam
2191 1809 2282 1852 abit

800 1866 1046 1920 frustraque
1083 1866 1314 1920 praetextu
1350 1864 1455 1907 belli
1494 1864 1687 1907 Parthici
1725 1866 1922 1920 quaesito
1954 1866 2000 1908 in
2030 1865 2280 1923 Aegyptum

801 1925 1012 1981 pervenit,
1045 1924 1120 1966 ubi
1139 1922 1460 1966 Alexandrinos
1492 1926 1670 1980 propter
1701 1924 1913 1980 quaedam
1933 1925 1980 1967 in
1999 1925 2144 1982 ipsum
2166 1927 2282 1970 dicta

799 1984 950 2027 hostili
981 1983 1079 2026 odio
1110 1995 1245 2039 prope
1277 1983 1508 2038 extinguit.

496 2042 586 2086 969
679 2043 705 2086 6
768 2043 869 2087 Cos.
901 2042 953 2086 A.
986 2042 1109 2085 Catio
1142 2041 1304 2085 Sabino
1335 2041 1378 2084 II
1410 2044 1454 2084 et
1486 2040 1688 2084 Cornelio
1707 2040 1898 2085 Anulino
1929 2042 2091 2086 bellum
2122 2043 2192 2086 vel
2222 2043 2281 2086 la-

798 2102 1031 2146 trocinium
1084 2101 1231 2156 potius
1281 2101 1327 2143 in
1381 2100 1590 2153 Parthos,
1636 2113 1742 2156 rege
1793 2099 2036 2154 Artabano,
2083 2103 2280 2159 suscipit.

798 2161 964 2203 Romae
994 2160 1187 2202 thermae
1217 2158 1535 2202 Antoninianae
1568 2160 1864 2202 absolvuntur.
1938 2193 1940 2196 .

496 2218 583 2261 970
673 2219 699 2261 7
763 2218 864 2262 Cos.
898 2218 946 2262 C.
966 2219 1165 2261 Bruttius
1189 2218 1419 2270 Praesens,
1452 2218 1503 2260 T.
1533 2218 1720 2265 Messius
1751 2218 2001 2262 Extricatus
2031 2218 2106 2269 ΙΙ.)
2169 2219 2283 2263 Tan-

803 2277 901 2320 dem
931 2277 960 2319 4
991 2277 1054 2319 Id.
1086 2276 1223 2332 April.
1253 2276 1423 2319 Edessa
1454 2276 1639 2319 Carrhas
1669 2276 1977 2332 proficiscens,
2008 2278 2282 2322 machinante

803 2336 970 2392 Opellio
993 2335 1295 2388 MACRINO,
1327 2348 1414 2378 uno
1437 2349 1493 2378 ex
1514 2335 1681 2378 duobus
1702 2336 1934 2391 praefectis
1953 2337 2183 2392 praetorio,
2205 2337 2282 2380 hu·
2371 2387 2380 2390 ,

802 2395 896 2437 mili
924 2407 1082 2451 genere
1102 2393 1341 2437 Caesareae
1369 2395 1416 2437 in
1438 2394 1706 2437 Mauretania
1735 2397 1838 2437 nato
1867 2407 1979 2437 anno
1999 2395 2083 2437 164
2102 2409 2145 2451 p.
2165 2395 2281 2449 chr„

804 2453 1080 2497 interficitur.
1142 2453 1360 2496 Macrinus
1391 2454 1620 2509 imperium
1651 2453 1691 2496 d.
1724 2454 1775 2496 11
1806 2452 1910 2510 Apr.
1943 2455 2112 2510 arripit,
2145 2458 2189 2497 et
2218 2456 2282 2498 in-

802 2513 987 2555 honesta
1014 2524 1123 2568 pace
1156 2525 1255 2555 cum
1284 2512 1456 2555 Parthis
1488 2512 1625 2565 facta,
1657 2512 1931 2556 Antiochiam
1961 2513 2094 2566 redit,
2124 2514 2282 2569 prioris

802 2572 917 2614 vitae
949 2571 1266 2627 turpitudinem
1297 2572 1409 2615 bene
1439 2572 1653 2615 institutis
1673 2570 1901 2628 (vigesima
1920 2572 2064 2614 hered.
2086 2572 2282 2631 reducta)

801 2630 1029 2673 emendare
1060 2631 1255 2686 cupiens.
1317 2630 1429 2673 Iulia
1448 2629 1648 2687 Augusta
1676 2631 1823 2674 inedia
1850 2631 1937 2674 sibi
1966 2634 2147 2674 mortem
2179 2644 2280 2675 con-

802 2690 967 2732 sciscit.
1026 2689 1144 2732 Metu
1173 2690 1359 2732 militum
1389 2690 1607 2734 Macrinus
1639 2690 1808 2734 divinos
1838 2691 2024 2734 honores
2058 2690 2282 2734 Caracallo

803 2749 970 2801 tribuit,
1001 2746 1261 2792 Antiochiae
1291 2749 1503 2792 hibernat.

497 2804 580 2848 971
766 2805 865 2850 Cos.
889 2807 997 2862 Imp.
1018 2807 1073 2862 M.
1098 2807 1293 2863 Opellius
1315 2808 1532 2851 Macrinus
1553 2807 1598 2850 II
1627 2809 1671 2850 et
1692 2806 1740 2850 C.
1764 2807 2004 2850 O‘clatinius
2025 2804 2282 2859 Adventus.)

803 2866 919 2907 Iulia
948 2866 1120 2919 Maesa,
1165 2879 1288 2909 soror
1324 2866 1460 2909 Iuliae
1498 2865 1725 2922 Augustae
1757 2869 1973 2919 mortuae,
2013 2866 2145 2908 vidua
2182 2867 2283 2910 Iulii

801 2922 942 2976 Aviti,
985 2936 1076 2968 cos.
1107 2938 1145 2966 a.
1177 2924 1278 2977 209,
1317 2925 1472 2968 mulier
1503 2925 1624 2968 dives
1657 2938 1707 2968 ac
1737 2925 1950 2981 prudenS,
1990 2938 2087 2967 cum
2122 2926 2283 2969 milites

804 2983 851 3025 in
891 2983 1047 3026 castris
1087 2983 1203 3038 apud
1232 2984 1446 3027 Edessam
1485 2984 1700 3027 desiderio
1735 2983 1948 3027 Caracalli
1984 2984 2189 3027 incensos
2220 2986 2283 3027 vi-

810 3041 944 3094 deret,
975 3042 1163 3097 pecunia
1193 3055 1417 3098 aggressa,
1449 3043 1577 3086 facile
1607 3043 1663 3085 iis
1685 3043 1930 3098 persuadet,
1962 3045 2012 3085 ut
2031 3044 2284 3086 Bassianum

719 3099 740 3141 l
804 3101 1148 3144 ELAGABAL
1159 3101 1258 3142 ΠΜ
1291 3100 1584 3158 (Heliogab.)‚
1625 3102 1805 3144 alterum
1837 3102 1930 3144 eius
1962 3105 2188 3158 nepotem,
2228 3116 2283 3146 ex

804 3159 1050 3202 Soaemiade
1081 3162 1125 3202 et
1154 3160 1287 3204 Vario
1317 3160 1521 3203 Marcello
1552 3162 1722 3213 natum,
1763 3160 1880 3204 Solis
1912 3161 2182 3204 sacerdotem
2212 3175 2283 3204 ve-

804 3219 1083 3261 nustissimae
1103 3219 1358 3271 iuventutis,
1381 3231 1508 3274 quem
1527 3218 1742 3262 Caracalli
1763 3232 1859 3263 esse
1880 3219 2015 3262 filium
2039 3220 2282 3273 simulabat,

801 3276 1105 3331 imperatorem
1135 3278 1176 3320 d.
1209 3277 1264 3321 16
1292 3278 1378 3320 Mai
1409 3278 1641 3321 declarent.
1703 3279 1919 3321 Macrinus
1948 3278 2130 3332 Iuliano,
2160 3293 2284 3334 prae-

807 3334 922 3377 fecto
953 3339 1089 3390 praet.
1123 3350 1148 3379 a
1176 3337 1387 3380 militibus
1419 3337 1605 3390 deserto,
1640 3337 1800 3380 frustra
1827 3338 2193 3380 Diadumenianum
2223 3338 2281 3380 fil.

807 3391 984 3445 (natum
1027 3395 1079 3438 19
1113 3395 1233 3451 Sept.
1267 3395 1378 3447 208)
1413 3395 1644 3439 Caesarem
1684 3398 1728 3439 et
1764 3395 2032 3440 Antoninum
2071 3397 2279 3453 appellat:

805 3452 900 3507 ipse
931 3465 1078 3508 pugna
1109 3454 1164 3496 ad
1192 3454 1468 3498 Antiochiam
1501 3455 1526 3498 6
1557 3455 1622 3498 Id.
1654 3455 1748 3498 Iun.
1780 3456 1939 3508 victus,
1969 3455 2072 3511 fuga
2101 3456 2282 3498 Romam

805 3512 958 3566 petens
993 3510 1265 3556 Chalcedone
1297 3515 1466 3569 capitur
1503 3516 1546 3557 et
1579 3514 1803 3557 occiditur·
1829 3527 1927 3556 cum
1967 3513 2070 3556 filio.
2130 3512 2280 3555 Novus

804 3569 1058 3624 imperator,
1101 3570 1167 3612 14.
1202 3585 1238 3613 a.
1281 3585 1439 3626 agens,
1488 3573 1768 3615 Nicomediae
1806 3572 2024 3623 hibernat,
2064 3571 2150 3613 iam
2189 3573 2280 3613 tum
