2392 4016
613 165 664 206 ab
698 178 802 206 anno
834 179 870 206 a.
893 164 986 207 Chr.
1011 165 1066 207 89
1100 177 1226 216 usque
1258 165 1311 206 ad
1344 178 1494 206 annum
1528 166 1598 206 85.
1990 165 2074 210 109

144 313 268 346 Μιὴῇ
355 321 434 346 ιη’
541 357 810 415 Magnesiam
842 358 897 402 ad
929 357 1144 415 Sipylum,
1182 357 1424 402 interfectis
1453 357 1615 413 ubique
1654 357 1824 402 civibus
1854 357 2077 410 Romanis,

536 417 918 532 pogessgffipeius
958 488 1049 520 cos.
1090 475 1146 519 ad
1175 475 1415 519 exercitum
1457 487 1483 517 a
1514 473 1593 518 Cn.
1626 474 1832 532 Pompeio
1864 475 2078 530 accipien-

538 534 640 579 dum
667 535 908 592 profectus,
941 535 1153 580 seditione
1174 534 1374 587 militum,
1406 533 1485 577 sed
1509 546 1638 590 quam
1659 534 1748 576 dux
1771 535 2078 586 concitaverat,

459 639 461 641 ,
535 593 805 639 interficitur.

202 652 258 697 87
339 651 424 700 667
488 650 589 696 Cos.
626 654 696 697 Cn.
736 654 959 706 Octavius„
977 652 1032 695 L.
1070 652 1279 696 Cornelius
1314 651 1485 703 Cinna.)
1547 650 1800 704 Archelaus,
1831 650 2077 707 praefectus

539 713 673 756 classi
694 712 1025 764 Mithridaticae,
1057 711 1214 755 insulis
1235 712 1425 768 receptis
1447 711 1642 755 Athenas
1665 711 1797 764 venit,
1830 713 1874 753 et
1894 710 2078 753 libenter

464 778 472 785 '
536 772 746 828 recipitur
777 772 830 815 ab
862 770 1219 814 Atheniensibus.
1281 770 1331 813 L.
1366 770 1489 814 Sulla
1519 771 1645 814 initio
1677 770 1779 812 anni
1813 769 1951 812 Roma
1981 782 2078 825 pro·

537 830 678 875 fectus
710 834 847 875 totam
880 831 1091 873 aestatem
1130 830 1176 873 in
1208 830 1500 886 oppugnanda
1537 830 1643 873 urbe
1682 842 1732 872 ac
1764 832 1892 885 portu
1923 841 2079 871 consu-

535 891 627 943 mit,
661 890 763 935 dum
795 890 847 932 L.
886 889 1016 932 Cinna
1045 889 1210 932 Romae
1242 892 1394 932 contra
1423 889 1737 942 iusiurandum,
1783 888 1899 944 quod
1931 887 2078 932 Sullae

537 949 715 993 abeunti
746 949 944 1001 dederat,
985 960 1121 991 novas
1160 949 1311 992 turbas
1353 949 1565 1002 concitat,
1606 949 1704 1005 lege
1738 948 1934 1004 Sulpicia
1971 947 2078 990 refe-

537 1009 671 1052 renda
701 1008 989 1064 exulibusque
1019 1007 1292 1052 revocandis.
1356 1007 1450 1060 Quo
1483 981 1600 1051 vic'to
1632 1008 1686 1051 ab
1720 1007 2001 1063 optimatibus
2036 1010 2079 1049 et

537 1068 678 1112 eiecto
701 1069 754 1111 L.
775 1068 986 1110 Cornelius
1001 1067 1183 1120 Merula,
1213 1066 1373 1110 flamen
1395 1067 1548 1121 Dialis,
1583 1066 1737 1110 consul
1757 1065 1819 1110 fit.
1866 1066 1916 1109 L.
1940 1065 2080 1109 Cinna

535 1127 669 1184 Appii
701 1127 873 1171 Claudii
905 1127 1145 1170 exercitum
1177 1126 1231 1170 ad
1261 1126 1416 1170 Nolam
1450 1127 1536 1170 sibi
1566 1126 1785 1170 conciliat.
1840 1124 1918 1169 Cn.
1951 1126 2079 1168 Pom·

539 1188 664 1243 peius
697 1190 742 1230 et
774 1186 824 1239 Q
857 1182 1073 1239 Metellus,
1116 1186 1191 1242 qui
1221 1186 1383 1229 bellum
1423 1198 1522 1228 cum
1555 1185 1824 1230 Samnitibus
1856 1186 2079 1241 gerebant,

537 1246 719 1290 Romam
757 1247 1051 1288 arcessuntur.
1123 1245 1287 1289 Contra
1325 1244 1373 1288 C.
1414 1245 1575 1288 Marius
1615 1245 1716 1288 exul
1757 1245 1953 1287 exercitu
1992 1244 2079 1286 col-

537 1305 652 1349 lecto
685 1305 740 1348 ad
763 1304 946 1349 Cinnam
976 1305 1109 1357 venit,
1142 1305 1269 1361 eique
1303 1317 1400 1348 sese
1433 1305 1508 1347 alii
1539 1317 1595 1347 ex
1626 1305 1731 1347 urbe
1755 1303 1822 1362 (Q.
1842 1303 2078 1355 SertoriuS,

538 1363 617 1408 Cn.
652 1363 814 1417 Carbo)
845 1366 1022 1419 totaque
1054 1363 1313 1407 Samnitium
1345 1376 1453 1421 gens
1485 1363 1741 1419 adiungunt.
1805 1363 1918 1406 Urbs
1942 1362 2080 1406 Roma

538 1426 742 1480 quattuor
773 1423 1038 1466 exercitibus
1071 1422 1309 1466 obsidetur.
1374 1421 1453 1467 Cn.
1487 1423 1720 1479 Pompeius
1753 1421 1932 1464 fulmine
1963 1422 2077 1464 ictus

537 1483 663 1539 perit,
705 1483 866 1526 milites
905 1482 1092 1525 transire
1125 1483 1382 1538 coeperunt.
1423 1482 1527 1525 urbs
1560 1481 1751 1525 deditur:
1791 1481 1991 1524 Metellus
2035 1482 2079 1522 in

536 1542 760 1599 Liguriam
791 1540 971 1585 recedit.
1032 1541 1204 1584 Intrant
1234 1541 1384 1584 urbem
1417 1540 1557 1584 Cinna
1588 1544 1633 1584 et
1706 1541 1823 1584 arius
1855 1543 1900 1583 et
1930 1540 2079 1583 adver-

537 1602 676 1645 sarios
709 1613 828 1654 suos,
859 1600 1080 1657 principes
1102 1601 1235 1653 viros,
1267 1602 1420 1644 contra
1440 1599 1603 1643 fidem
1590 1613 1684 1664 lug
1699 1601 1779 1643 lari
1800 1600 1965 1652 iubent,
1999 1599 2078 1643 Cn.

536 1660 765 1704 Octavium
797 1633 842 1704 e't
870 1660 920 1703 L.
951 1659 1161 1704 Merulam
1193 1672 1298 1712 cos.,
1330 1660 1386 1703 M.
1416 1659 1669 1712 Antonium,
1704 1659 1752 1711 Q.
1779 1658 1995 1712 Catulum,
2027 1659 2076 1701 L

537 1723 581 1763 et
613 1719 661 1764 C.
696 1713 908 1764 Caesares
942 1719 1201 1772 Strabones,
1248 1719 1297 1762 P.
1330 1719 1564 1762 Lentulum
1596 1719 1650 1761 al.
1682 1719 1730 1761 P.
1765 1717 1976 1771 Crassus,
2022 1718 2076 1760 M.

533 1779 692 1823 Divitis
723 1782 862 1836 pater,
894 1791 948 1822 ne
979 1778 1096 1821 idem
1124 1752 1359 1835 pat'eretur,
1392 1791 1472 1822 sua
1503 1790 1551 1822 se
1582 1791 1714 1820 manu
1742 1778 1976 1821 interemit.

197 1841 254 1921 86
335 1841 422 1886 668
483 1837 585 1883 Cos.
617 1840 672 1882 L.
700 1839 909 1882 Cornelius
944 1838 1074 1880 Cinna
1094 1838 1160 1891 ΙΙ,
1197 1839 1241 1881 C.
1263 1838 1431 1880 Marius
1462 1838 1562 1891 VII,
1594 1837 1666 1881 cui
1697 1837 1760 1880 Id.
1783 1837 1873 1880 Ian.
1907 1839 2076 1880 mortuo

536 1898 632 1942 suff.
666 1899 720 1941 L.
749 1899 940 1941 Valerius
969 1895 1187 1948 Flaccus.)
1249 1897 1386 1950 Sulla,
1418 1897 1542 1940 cuius
1575 1899 1781 1953 quaestor
1811 1900 1880 1940 est
1910 1896 1959 1939 L.
1992 1896 2077 1939 Lu-

540 1958 696 2011 cullus,
729 1958 877 2000 urbem
909 1959 1168 2013 portumque
1200 1954 1467 2008 Athenarum
1500 1956 1592 2000 Cal.
1622 1956 1790 1999 Martiis
1823 1956 1953 2012 capit,
1997 1969 2076 1999 nec

536 2020 682 2061 tamen
701 2017 992 2073 Munychiam,
1025 2029 1153 2072 quam
1183 2017 1330 2059 tuetur
1349 2002 1605 2068 Archelaus,
1638 2028 1888 2072 expugnare
1916 2018 2075 2071 potest.

538 2077 644 2120 Inde
676 2079 829 2120 contra
860 2076 1099 2120 exercitum
1131 2076 1300 2132 regium
1338 2075 1649 2131 proficiscitur,
1689 2076 1784 2131 qui,
1824 2074 2079 2117 Macedonia

537 2139 580 2179 et
603 2135 833 2179 Thessalia
864 2135 1104 2190 occupatis,
1136 2134 1320 2177 ducibus
1353 2135 1505 2178 eodem
1528 2133 1742 2177 Archelao
1775 2135 1819 2177 et
1842 2134 1997 2177 Toxile
2029 2135 2074 2176 in

536 2195 763 2240 Boeotiam
801 2194 1040 2238 descendit.
1110 2194 1222 2237 Eum
1263 2194 1388 2238 Sulla
1424 2194 1479 2236 ad
1521 2193 1815 2236 Chaeroneam
1852 2194 1989 2236 vincit
2027 2206 2076 2236 ac

537 2255 666 2308 delet,
698 2253 939 2298 Archelaus
973 2252 1226 2297 Chalcidem
1265 2266 1364 2296 cum
1394 2253 1590 2309 reliquiis
1629 2254 1852 2310 copiarum
1883 2266 1981 2296 sese
2012 2266 2077 2295 re-

535 2315 657 2371 cipit.
718 2313 908 2357 Mithrid.
942 2311 1075 2357 Chios
1106 2313 1297 2369 pessime
1330 2311 1478 2356 afficit.

595 2374 758 2417 Romae
790 2373 837 2415 in
867 2372 1017 2415 funere
1059 2371 1106 2415 C.
1139 2372 1263 2415 Marii
1304 2371 1352 2415 C.
1384 2372 1578 2416 Fimbria
1616 2371 1664 2424 Q.
1699 2371 1954 2415 Scaevolam
1985 2372 2076 2414 vul-

535 2433 773 2477 nerandum
806 2434 941 2476 curat.
1012 2431 1062 2474 L.
1094 2431 1282 2475 Flaccus
1313 2443 1420 2484 cos„
1451 2431 1729 2487 turpissimae
1767 2431 1879 2487 legis
1912 2434 2075 2483 auctor,

537 2506 622 2550 qua
653 2492 943 2536 creditoribus
976 2490 1260 2546 quadrantem
1293 2491 1406 2534 solvi
1434 2491 1578 2543 iussit,
1609 2503 1664 2533 ex
1693 2491 1799 2533 urbe
1831 2490 1886 2532 ad
1915 2491 2076 2534 bellum

533 2552 872 2596 Mithridaticum
902 2549 1089 2593 mittitur
1118 2551 1323 2606 venitque
1344 2549 1621 2605 Byzantium,
1651 2550 1726 2592 ubi
1748 2550 1922 2592 hiemat.
1978 2550 2075 2592 Cen-

535 2627 647 2655 sores
675 2611 726 2654 L
747 2610 934 2653 Marcius
955 2608 1198 2669 Philippus,
1228 2609 1283 2651 M.
1306 2608 1525 2664 Perperna
1545 2609 1694 2661 creati,
1725 2625 1846 2651 novos
1879 2611 1984 2652 cives
2003 2625 2077 2664 per

535 2681 687 2714 veteres
718 2671 848 2712 tribus
869 2663 1128 2721 distribuunt,
1158 2668 1398 2724 principem
1421 2670 1601 2712 senatus
1621 2668 1774 2724 legunt
1795 2668 1843 2710 L.
1854 2669 2075 2711 Valerium

535 2730 744 2774 Flaccum
775 2728 894 2779 (cos.
926 2741 963 2770 a.
999 2727 1125 2779 100),
1156 2728 1280 2771 lustr.
1314 2727 1369 2770 67
1411 2727 1616 2780 condunt,
1658 2740 1742 2783 quo
1774 2731 1944 2784 reperta
1975 2731 2077 2771 sunt

537 2789 696 2832 civium
739 2787 884 2843 capita
913 2786 1104 2830 463000.
1175 2786 1355 2830 Praetor
1386 2787 1442 2830 M.
1473 2787 1634 2830 Marius
1669 2786 1950 2830 Gratidianus
1988 2788 2076 2831 col-

535 2848 608 2951 l2eg
579 2848 641 2905 gii
671 2847 868 2958 ιιοιιιιιέἓ
876 2845 1194 2956 ᾱῗΒέιοιιιιιιᾰιε
1226 2846 1416 2891 denariis
1448 2845 1582 2890 edicit
1613 2846 1733 2889 solus
1766 2845 1885 2897 (Cic.
1918 2846 1998 2891 Off.
2032 2847 2074 2902 3,

564 2907 606 2951 Ο.
652 2906 748 2950 ΡΙιιι

201 2971 256 3016 85
339 2970 425 3014 669
489 2966 589 3010 Cos.
622 2966 677 3009 L.
714 2965 922 3009 Cornelius
958 2964 1088 3008 Cinna
1119 2964 1208 3017 III,
1255 2965 1325 3007 Cn.
1358 2965 1557 3020 Papirius
1593 2964 1739 3017 Carbo,
1773 2964 1850 3007 On.
1881 2966 2074 3009 consulis

540 3039 578 3069 a.
603 3024 688 3070 113
717 3023 848 3077 filius,
880 3024 1043 3068 Romae
1074 3023 1236 3068 bellum
1267 3027 1420 3068 contra
1441 3024 1607 3067 Sullam
1639 3026 1843 3079 parantes
1875 3026 2075 3068 saeviunt

537 3086 584 3130 in
613 3083 798 3138 nobiles,
827 3095 1006 3140 quorum
1039 3083 1243 3140 permulti
1274 3096 1321 3127 se
1354 3083 1408 3126 ad
1430 3082 1595 3126 Sullam
1627 3082 1867 3125 conferunt.
1920 3084 1963 3127 ls
1996 3085 2073 3127 ite·

538 3156 633 3190 rum
671 3155 769 3187 cum
800 3142 1013 3187 Archelao
1052 3142 1108 3185 ad
1139 3142 1455 3187 Orchomenum
1491 3144 1678 3198 pugnat,
1719 3145 1947 3199 castraque
1979 3144 2073 3186 eius

539 3203 674 3259 capit:
722 3213 821 3247 cum
865 3202 1105 3245 Archelaus
1144 3201 1405 3245 Mithridatis
1452 3201 1577 3245 iussu
1623 3201 1745 3257 pacis
1793 3202 2073 3247 condiciones

538 3263 709 3307 tractat.
778 3260 903 3306 Sulla
942 3274 1020 3317 per
1055 3260 1351 3305 Macedoniam
1390 3260 1674 3317 proficiscens
1715 3272 1812 3303 cum
1844 3261 2073 3316 Dardanis,

537 3320 806 3373 Scordiscis,
844 3320 1077 3373 Dalmatis,
1119 3319 1256 3364 Medis
1289 3331 1494 3377 prospere
1527 3319 1686 3363 bellum
1720 3320 1845 3375 gerit.
1911 3322 2072 3366 Eodem

535 3385 748 3437 tempore,
787 3378 1016 3423 interfecto
1055 3391 1133 3436 per
1164 3378 1423 3424 seditionem
1462 3379 1647 3422 militum
1681 3378 1727 3421 1..
1761 3379 1944 3435 Flacco,
1985 3382 2072 3426 bel·

517 3435 624 3512 {lum
657 3441 811 3483 contra
836 3438 1026 3483 mthrid
1059 3450 1136 3494 pro
1168 3438 1373 3483 Marianis
1405 3439 1601 3495 partibus
1634 3438 1820 3481 feliciter
1851 3442 2016 3497 geritur
2046 3457 2073 3486 a

518 3499 587 3570 QG.
609 3498 802 3543 Fimbria
829 3497 989 3555 legato.
1044 3497 1085 3541 Is
1118 3498 1245 3542 victis
1278 3497 1462 3542 ducibus
1494 3498 1627 3555 regiis
1651 3496 1908 3554 Pergamum
1941 3503 2071 3559 capit,

536 3559 664 3604 Ilium
696 3558 840 3603 diruit.
901 3557 1109 3601 Nascitur
1138 3557 1193 3601 M.
1225 3557 1403 3612 Brutus,
1435 3557 1538 3602 dict.
1572 3557 1774 3602 Caesaris
1807 3558 2070 3606 interfector.
