2392 4016
351 190 409 234 60

352 346 379 366 u.
398 335 469 366 Chr
547 344 568 364 11
601 344 618 365 c

378 496 464 540 453

379 614 464 657 452

373 788 475 854 ἐὲἕ

378 1256 466 1299 450

456 1339 458 1341 v
564 1316 617 1351 60

547 1378 642 1422 post

556 1443 639 1480 reg.

535 1494 668 1528 exact.

380 1782 467 1824 449
548 1780 634 1824 305

382 2838 469 2881 448
549 2838 635 2881 306

383 3009 469 3057 447
550 3014 635 3058 307

383 3190 469 3232 446
551 3189 637 3232 308

383 3363 469 3407 445
550 3365 635 3408 309

1119 188 1296 227 Annales
1327 190 1495 227 Romani

744 377 837 420 Ser.
870 377 1090 434 Sulpicius
1124 378 1377 421 Camerinus
1401 377 1633 423 Cornutus.
1683 380 1777 422 Lex
1798 378 1980 422 Aternia
2001 380 2187 435 Tarpeia
2218 380 2270 422 de

744 437 892 479 multis
923 437 1209 494 imponendis.

545 496 627 539 301
681 494 793 558 ’0-08.
825 496 923 537 Sex.
961 495 1217 548 Quinctilius,
1250 496 1300 538 P.
1337 495 1548 538 Curiatius
1577 498 1717 538 Fistus
1753 495 2046 551 Triqeminus.)
2117 496 2270 538 Fames

745 556 788 596 et
818 555 1082 610 pestilentia,
1114 567 1199 610 qua
1230 567 1319 597 cos.
1353 553 1525 606 Quinct.
1558 555 1810 598 absumitur.

546 613 632 657 302
695 612 795 656 Cos.
831 613 884 654 ·.P
925 613 1085 655 Sestius
1128 614 1380 667 Capitolinus
1408 613 1653 665 Vaticanus,
1705 613 1753 655 T.
1793 614 2006 654 Menenius
2045 612 2271 661 Lanatus.)

741 671 920 727 Legatis
950 672 1151 724 reversis,
1184 672 1255 714 lex
1284 671 1499 727 perfertur
1529 671 1581 715 de
1612 672 1666 713 X
1679 674 1782 714 viris
1813 673 1943 727 leyum
1974 673 2272 712 scribendarum

741 745 880 782 causa,
912 732 996 772 sine
1019 732 1306 785 provocatione
1336 731 1534 772 creandis.

546 788 633 832 303
696 787 796 831 Cos.
828 789 909 843 Ap.
948 789 1144 831 Claudius
1179 789 1350 831 Crassus
1379 789 1663 857 Inreyillensis
1690 789 1872 831 Sabinus
1901 789 1965 839 II,
2004 787 2050 829 T.
2074 787 2275 830 Genucius

741 847 995 904 Auyurinus.
1074 847 1292 890 Abdicant
1330 859 1419 890 cos.
1460 850 1504 890 et
1539 847 1584 890 X
1623 848 1706 890 viri
1745 861 1799 890 ex
1840 847 2034 902 patriciis
2075 850 2275 889 creantur

739 908 912 960 praeter
940 906 1061 961 ipsos
1093 918 1182 949 cos.
1217 906 1291 961 Sp.
1320 906 1526 949 Veturius
1560 905 1744 950 Crassus
1778 905 2021 956 Cicurinus,
2056 904 2102 947 C.
2136 905 2272 948 Iulius

741 964 876 1016 Iulus,
908 964 956 1005 P.
989 964 1160 1007 Sestius
1194 963 1377 1020 Capitol.
1399 964 1652 1017 Vaticanus,
1684 965 1732 1007 P.
1757 964 1975 1007 Curiatius
2007 938 2156 1006 ilistus
2180 964 2274 1007 Tri-

743 1022 956 1075 geminus,
990 1022 1040 1063 Τ.
1073 1022 1284 1065 Romilius
1316 1022 1462 1065 Rocus
1483 1022 1721 1066 Vaticanus
1753 1026 1797 1065 et
1827 1026 1916 1066 tres
1947 1022 2013 1064 illi
2043 1023 2192 1077 legati.

803 1079 962 1121 Decem
995 1080 1140 1135 legum
1171 1080 1341 1122 tabulas
1373 1081 1561 1123 comitiis
1594 1082 1846 1124 centuriatis
1877 1081 2022 1124 ferunt
2050 1083 2274 1135 —sontem

742 1139 868 1179 omnis
894 1139 1051 1191 publici
1085 1140 1318 1192 privatique
1356 1140 1472 1180 iuris.
1541 1138 1767 1191 Sancitur,
1806 1153 1861 1182 ne
1901 1139 1954 1181 de
1992 1140 2133 1194 capite
2165 1141 2272 1182 civis

742 1199 986 1251 quaeratur,
1018 1197 1103 1239 nisi
1135 1197 1323 1239 comitiis
1355 1197 1621 1239 centuriatis.

547 1255 633 1298 304
694 1255 749 1310 Χ
772 1257 855 1297 viri
884 1257 1013 1297 altero
1044 1271 1148 1297 anno
1188 1257 1389 1297 creantur
1419 1255 1608 1310 quinque
1640 1268 1695 1298 ex
1723 1254 1921 1310 patribus
1952 1254 2034 1309 Ap.
2068 1255 2273 1299 Claudius

741 1313 926 1357 Crassus
968 1314 1267 1370 Inregillensis
1307 1314 1495 1357 Sabinus
1534 1314 1597 1366 II,
1644 1314 1835 1356 omnium
1871 1326 2014 1355 rerum
2053 1315 2272 1370 princeps,

745 1373 800 1415 M.
835 1372 1062 1415 Cornelius
1094 1373 1422 1428 Maluginensis,
1452 1373 1507 1414 M.
1541 1373 1722 1428 Sergius
1752 1372 2021 1427 Esquilinus,
2057 1373 2107 1414 L.
2138 1374 2275 1416 Minu-

748 1432 841 1474 cius
872 1431 1126 1486 Esquilinus
1157 1430 1425 1486 Augurinus,
1465 1430 1514 1482 Q.
1546 1431 1708 1474 Fabius
1730 1430 1986 1483 Vibulanus,
2027 1434 2071 1473 et
2101 1434 2275 1486 quinque

747 1506 796 1531 ex
827 1491 968 1544 plebe:
1008 1489 1057 1541 Q.
1090 1490 1310 1532 Poetelius
1348 1489 1458 1532 Libo
1479 1490 1679 1542 Visolus,
1719 1489 1770 1531 T.
1803 1489 2018 1532 Antonius
2057 1490 2274 1543 Merenda,

744 1548 799 1590 Κ.
831 1549 1002 1590 Duilius
1033 1548 1226 1604 Longus,
1259 1548 1334 1603 Sp.
1368 1548 1533 1603 Oppius
1556 1547 1784 1600 Cornicen,
1814 1544 1882 1589 Μ’.
1906 1548 2155 1591 Rabuleius.
2211 1550 2274 1592 Id.

745 1606 868 1659 Mais,
902 1606 1016 1662 quod
1046 1609 1137 1648 tum
1170 1607 1361 1649 solemne
1393 1607 1495 1649 anni
1525 1607 1799 1662 principium,
1830 1607 1995 1649 ineunt.
2058 1607 2275 1650 Societate

745 1666 857 1707 inter
889 1678 935 1708 se
966 1665 1083 1707 facta
1113 1665 1449 1708 decemviratum
1478 1668 1735 1721 perpetuum
1753 1664 1897 1708 facere
1919 1668 2141 1708 conantur.
2189 1667 2275 1709 Ad-

745 1723 904 1765 duntur
934 1723 1083 1766 decem
1113 1724 1272 1774 tabulis
1305 1724 1428 1766 duae.

694 1782 750 1823 X
773 1784 854 1823 virz
883 1784 1024 1834 iidem,
1066 1784 1182 1824 tertio
1215 1795 1326 1824 anno
1356 1783 1493 1825 invito
1523 1782 1707 1837 populo,
1749 1781 1828 1824 sed
1857 1782 2075 1850 plerisque
2106 1785 2275 1838 patrum

745 1841 861 1883 haud
891 1841 1073 1883 obscure
1083 1830 1400 1898 probantibus,
1431 1843 1691 1896 potestatem
1721 1854 1800 1896 per
1829 1841 1917 1882 vim
1945 1842 2148 1884 retinent.

808 1900 983 1942 Scelere
1013 1899 1246 1955 flagitioso,
1280 1900 1396 1968 quod
1418 1899 1527 1955 App.
1551 1898 1757 1942 Claudius
1789 1899 1836 1941 in
1856 1899 1906 1941 L.
1923 1899 2131 1955 Verginio
2162 1901 2274 1943 eius-

751 1970 833 2012 que
863 1957 954 2000 filia
985 1958 1133 2011 edidit,
1166 1959 1283 2001 cives
1313 1959 1358 2000 in
1374 1959 1496 2001 urbe
1527 1958 1780 2012 castrisque
1801 1958 2006 2000 commoti
2031 1959 2187 2001 iterum
2209 1972 2274 2001 se-

747 2016 928 2059 cedunt
934 2017 980 2059 in
1009 1991 1199 2059 montem
1231 2029 1414 2069 sacrum,
1446 2018 1491 2060 et
1520 2017 1595 2059 vix
1625 2030 1703 2072 per
1733 2016 1782 2059 L.
1800 2016 2020 2060 Valerium
2053 2020 2096 2060 et
2115 2018 2170 2059 M.
2181 2019 2274 2060 Ho-

744 2076 902 2117 ratium
934 2088 1030 2117 cum
1062 2076 1257 2131 patribus
1289 2076 1637 2118 reconciliantur.

689 2133 789 2176 Cos.
821 2137 1021 2176 creantur
1054 2134 1178 2186 (nam
1209 2135 1274 2176 sic
1305 2137 1395 2176 tum
1417 2135 1601 2189 primum
1623 2134 1828 2189 appellati
1843 2132 1972 2183 sunt)
2006 2134 2061 2175 L.
2088 2134 2276 2176 Valerius

744 2193 960 2246 Poplicola
990 2193 1171 2244 Potitus,
1212 2193 1274 2234 M.
1306 2193 1509 2234 Horatius
1538 2193 1719 2234 Barbat.
1786 2193 1923 2246 Leyes
1961 2193 2151 2234 Valeriae
2191 2194 2275 2235 Ho-

748 2252 883 2292 ratiae
913 2250 1109 2293 feruntur
1131 2250 1183 2292 de
1204 2251 1462 2306 plebiscitis,
1493 2253 1543 2292 ut
1563 2251 1677 2306 quod
1697 2250 1891 2292 tributim
1912 2251 2035 2305 plebs
2056 2251 2273 2304 iussisset,

747 2309 955 2365 populum
985 2311 1155 2351 teneret
1186 2309 1281 2360 (bis
1313 2309 1467 2352 deinde
1498 2309 1635 2351 relata
1665 2323 1702 2350 a.
1735 2308 1821 2351 339
1853 2311 1896 2350 et
1926 2308 2051 2360 286),
2094 2310 2146 2351 de
2177 2324 2274 2366 pro-

744 2369 971 2410 vocatione
1010 2369 1054 2409 et
1085 2369 1315 2410 sanctitate
1353 2369 1622 2411 tribunorum
1651 2367 1806 2423 plebis.
1874 2368 1989 2422 Leqe
2018 2369 2170 2410 Duilia
2199 2370 2274 2411 tri-

745 2427 922 2469 bunicia
951 2422 1159 2479 Sancitur,
1190 2440 1244 2469 ne
1277 2427 1373 2482 quis
1394 2427 1564 2482 plebem
1586 2427 1679 2469 sine
1699 2426 1885 2468 tribunis
1906 2427 2133 2482 relinquat,
2164 2441 2273 2471 neve

747 2484 1047 2540 magistratum
1080 2486 1172 2527 sine
1202 2486 1508 2540 provocatione
1539 2487 1669 2527 creet.
1715 2485 1760 2526 X
1780 2485 1863 2527 viri
1893 2487 1967 2527 aut
1986 2489 2168 2528 mortem
2189 2487 2274 2530 sibi

748 2544 1028 2586 consciscunt
1048 2544 1256 2596 accusati,
1279 2547 1353 2586 aut
1373 2545 1495 2591 exilii
1515 2556 1647 2586 causa
1668 2543 1809 2586 solum
1829 2546 2014 2585 vertunt.
2047 2543 2275 2598 Consules,

747 2602 948 2644 Valerius
979 2601 1155 2658 Aequos
1177 2603 1471 2658 Volscosque,
1511 2603 1717 2645 Horatius
1751 2602 1935 2644 Sabinos
1968 2605 2055 2644 tam
2088 2605 2276 2659 graviter

747 2660 992 2717 profligant,
1031 2664 1081 2703 ut
1112 2661 1263 2704 Sabini
1293 2662 1465 2717 quidem
1504 2661 1628 2704 annis
1662 2659 1747 2704 165
1777 2661 1939 2703 bellum
1970 2664 2121 2703 contra
2150 2662 2273 2706 Rom.

747 2727 834 2761 n'on
871 2723 1087 2763 moveant.
1147 2718 1292 2771 (Inter
1321 2721 1518 2763 tribunos
1557 2720 1698 2776 plebis
1737 2721 1839 2785 sunt
1874 2719 1949 2775 Sp.
1983 2720 2192 2776 Tarpeius
2232 2725 2276 2764 et

746 2777 797 2820 A.
829 2776 1049 2831 Aternius,
1081 2779 1332 2822 consulares
1363 2780 1459 2832 viri,
1491 2779 1585 2822 Liv.
1617 2778 1659 2831 3,
1692 2777 1787 2828 65).

696 2836 801 2879 Cos.
841 2837 934 2877 Lar
964 2837 1200 2879 Herminius
1228 2838 1471 2891 Aquilinus,
1522 2839 1569 2880 T.
1597 2838 1815 2892 Verqinius
1849 2837 2020 2880 Tricost.
2057 2838 2273 2890 Caeliom.)

746 2895 840 2938 Lex
871 2895 1089 2938 Trebonia
1118 2897 1217 2939 trib.
1249 2896 1398 2950 fertur,
1438 2899 1488 2939 ut
1518 2897 1594 2952 qui
1621 2896 1794 2952 plebem
1824 2895 1948 2938 Rom.
1979 2896 2176 2940 tribunos
2207 2911 2273 2940 ro-

747 2955 882 3009 garet,
914 2965 965 2996 eo
996 2966 1145 3009 usque
1164 2957 1351 3010 rogaret,
1383 2955 1483 2997 dum
1513 2955 1559 2997 X
1588 2955 1786 2997 tribunos
1817 2954 1993 2997 faceret.
2023 2992 2028 2996 .

698 3013 798 3056 Cos.
841 3012 904 3054 M
950 3012 1159 3066 Geqanius
1188 3014 1448 3065 Macerinus,
1492 3014 1535 3055 Ο.
1567 3014 1702 3055 Iulius
1729 3012 1886 3062 Iulus.)
1955 3013 2049 3055 Hoc
2090 3014 2274 3068 primum

748 3083 859 3113 anno
899 3080 1131 3127 quaestores
1167 3087 1195 3112 a
1226 3073 1380 3126 populo
1419 3081 1626 3124 creantur,
1675 3085 1700 3113 a
1738 3071 1990 3114 consulibus
2037 3075 2164 3114 antea
2202 3073 2272 3116 de—

748 3130 920 3185 signati.
967 3127 1133 3182 (Tacit.
1165 3129 1276 3172 Ann.
1307 3130 1389 3182 XI,
1420 3129 1511 3182 22.)

699 3188 799 3232 Cos.
836 3188 881 3228 T·
913 3188 1124 3236 Quinctius
1159 3189 1334 3243 Capitol.
1367 3190 1583 3230 Barbatus
1603 3188 1686 3240 IV,
1717 3188 1910 3242 Ayvippa
1931 3189 2082 3230 Furius
2100 3189 2272 3241 Fusus.)

709 3275 712 3278 -
746 3247 888 3290 Etiam
924 3245 1084 3302 Aequi,
1125 3260 1275 3304 agrum
1305 3248 1507 3290 Latinum
1547 3249 1590 3289 et
1629 3244 1891 3289 Romanum‘
1909 3247 2179 3303 depopulati,
2218 3249 2272 3290 ad

746 3305 1004 3349 Corbionem
1034 3307 1279 3359 vincuntur,
1310 3309 1359 3349 ut
1389 3307 1462 3349 diu
1493 3306 1732 3361 quiescant.

689 3363 798 3408 Cos.
830 3364 894 3405 .M.
932 3363 1134 3407 Genucius
1162 3366 1421 3421 Auqurinus,
1465 3365 1509 3407 C'.
1546 3365 1709 3407 Curtius
1738 3362 1901 3414 Philo.)
1975 3364 2018 3406 G'.
2057 3365 2272 3408 Canuleius

744 3423 992 3478 rogationes
1029 3423 1113 3467 fert
1147 3424 1202 3476 ,de
1241 3426 1432 3467 connubio
1465 3433 1630 3479 patrum
1676 3432 1714 3465 et
1746 3424 1902 3478 plebis,
1948 3425 1991 3465 et
2029 3426 2077 3465 ut
2112 3425 2271 3479 populo

745 3483 940 3537 potestas
972 3481 1043 3534 sit,
1074 3482 1165 3525 sive
1196 3483 1249 3526 de
1279 3483 1428 3539 plebe,
1468 3484 1560 3526 sive
1591 3482 1644 3525 de
1674 3482 1869 3538 patribus
1900 3481 2027 3534 velit,
2069 3483 2270 3525 consules

745 3539 945 3583 faciendi.
994 3539 1121 3583 Prior
1149 3542 1222 3585 lex
1252 3542 1403 3585 eodem
1433 3554 1545 3585 anno
1575 3540 1803 3596 perfertur,
1835 3540 1913 3611 sed
1942 3553 1996 3582 ne
2019 3541 2269 3591 consulatus
