2392 4016
317 205 402 250 166

319 1507 402 1551 194

319 1801 403 1846 195

320 2267 404 2310 196

323 2794 405 2838 197

323 3498 407 3543 198

474 359 496 380 ιι
522 359 552 383 c.
610 348 696 387 imp.

463 1508 550 1552 947

467 1802 553 1846 948

467 2270 552 2314 949

469 2798 556 2843 950

469 3501 551 3546 951

1084 198 1262 239 Annales
1293 200 1465 239 Romani

768 390 1032 448 perturbatis
1071 389 1200 432 rebus
1239 389 1418 443 mederi,
1456 404 1482 432 a
1511 391 1813 446 praetorianis,
1853 393 1947 435 eius
1986 393 2243 436 modestiam

768 463 854 493 non
884 449 1137 501 ferentibus,
1171 446 1197 492 5
1231 448 1321 492 Cal.
1353 447 1490 505 April.
1524 450 1765 498 occiditur„
1796 451 1860 494 M.
1890 452 2044 493 Didius
2074 452 2244 495 Salvius

767 508 1089 561 IULIANUS,
1129 510 1256 550 natus
1289 511 1474 551 exeunte
1505 507 1595 551 Ian.
1629 522 1696 552 an.
1718 509 1816 562 133,
1848 511 2090 554 consularis
2123 511 2244 555 dives

768 581 819 611 ac
858 568 1041 620 nobilis,
1083 566 1293 610 fremente
1331 567 1514 623 populo,
1553 568 1780 624 imperium
1821 582 1846 611 a
1885 569 2096 612 militibus
2136 584 2245 613 mer—

768 630 891 671 catur
935 625 1019 677 (30
1051 626 1267 669 sestertiis
1299 624 1501 679 viritim),
1549 626 1628 670 sed
1665 631 1815 670 contra
1854 641 1951 670 eum
1990 627 2245 672 Antiochiae

773 687 817 728 G.
850 686 1095 727 Pescennius
1124 684 1261 739 Myer
1280 685 1432 739 Iustus,
1468 684 1678 729 Carnunti
1706 686 1752 729 in
1782 687 2007 730 Pannonia
2032 688 2087 730 L.
2109 688 2246 742 Septi-

768 747 871 787 mius
903 743 1212 797 SEVERUS,
1245 743 1374 800 Lepti
1403 746 1447 787 in
1470 743 1620 787 Africa
1649 745 1871 798 oriundus,
1903 747 2110 789 existunt.
2162 747 2246 790 Hic

770 804 958 860 quidem,
991 803 1215 859 perductis
1246 803 1291 845 in
1324 806 1471 859 partes
1492 803 1756 859 Illyricianis
1779 803 2103 861 Gallicanisque
2126 819 2247 849 exer-

772 863 946 915 citibus,
978 862 1162 905 Romam
1194 861 1327 905 citato
1349 863 1521 919 agmine
1543 866 1759 919 properat.
1803 864 2005 917 Iulianus,
2038 864 2091 908 ab
2113 865 2247 908 omni·

769 923 851 964 bus
893 921 1091 964 desertus
1135 923 1180 964 0¹²
1219 921 1394 977 impune
1433 924 1731 978 contemptus,
1773 921 1864 966 Cal.
1903 923 1997 966 Iun.
2036 925 2246 967 occiditur.
2335 927 2340 932 ’
2382 920 2392 940 ¹

769 980 1074 1022 Praetorianos
1099 979 1287 1022 Severus
1320 981 1510 1036 graviter
1540 982 1776 1037 increpitos
1799 985 2065 1035 exauctorat,
2098 986 2141 1025 et
2161 983 2248 1038 pri-

769 1050 866 1080 mus
900 1050 955 1080 ex
988 1039 1168 1079 omnibus
1199 1039 1464 1082 exercitibus
1496 1039 1671 1095 supplet
1700 1041 1822 1091 (cum
1855 1055 1907 1084 ea
1936 1042 2092 1085 militia
2121 1044 2250 1085 antea

769 1109 857 1139 non
885 1095 977 1139 fere
1010 1096 1099 1139 nisi
1118 1096 1297 1139 Italicae
1329 1099 1374 1140 et
1393 1097 1658 1152 Hispanicae
1689 1099 1796 1154 pubi
1823 1100 2086 1155 patuisset),
2119 1104 2247 1144 aucto

772 1157 902 1198 etiam
942 1155 1096 1197 horum
1134 1155 1320 1198 militum
1358 1169 1537 1199 numero
1576 1169 1715 1212 usque
1747 1157 1803 1200 ad
1833 1157 1998 1202 50000.
2058 1161 2117 1202 D.
2156 1161 2248 1202 Clo-

772 1216 879 1257 dium
911 1214 1151 1268 Septimium
1171 1214 1377 1268 Albinum,
1408 1215 1600 1271 legatum
1629 1215 1895 1269 Britanniae,
1925 1217 2142 1261 hominem
2173 1231 2248 1262 no-

767 1274 897 1317 bilem
939 1276 982 1316 et
1023 1275 1201 1316 senatus
1234 1275 1375 1330 gratia
1403 1273 1652 1327 florentem,
1692 1275 1778 1318 sibi
1807 1276 2014 1319 conciliat
2046 1276 2247 1335 Caesaris

770 1333 982 1388 dignitate
1003 1345 1081 1388 pro
1103 1335 1298 1388 tempore
1319 1336 1529 1376 ornatum.
1580 1333 1780 1390 Triginta
1800 1334 1952 1378 diebus
1974 1339 2087 1391 post,
2110 1336 2250 1380 Roma

769 1392 934 1443 relicta,
966 1392 1174 1435 adversus
1207 1392 1407 1448 Nigrum,
1447 1394 1523 1448 qui
1551 1394 1805 1449 praemissis
1835 1394 2008 1450 legatis,
2046 1395 2132 1438 iam
2161 1396 2248 1452 By-

767 1451 955 1494 zantium
987 1454 1290 1506 occupaverat,
1329 1451 1635 1508 proficiscitur.

641 1510 668 1553 2
731 1508 830 1553 Cos.
854 1510 960 1565 Imp.
985 1509 1222 1564 Septimius
1241 1510 1430 1556 Severus
1446 1511 1502 1564 II,
1526 1511 1578 1554 D.
1596 1509 1782 1554 Albinus
1801 1510 1962 1555 Caesar
1976 1511 2053 1566 ΙΙ.)
2087 1513 2245 1556 Tribus

679 1612 681 1614 .
768 1569 945 1624 proeliis
980 1569 1296 1612 cruentissimis
1336 1569 1464 1613 factis
1504 1570 1619 1625 apud
1648 1569 1878 1625 Cyzicum,
1916 1571 2145 1625 Nicaeam,
2187 1573 2249 1616 Is-

771 1641 888 1679 sum,
930 1623 1139 1680 Severus,
1179 1628 1312 1670 ductu
1344 1641 1444 1681 suo,
1485 1629 1565 1672 sed
1595 1641 1727 1684 opera
1754 1629 1997 1684 legatorum
2029 1630 2249 1685 (Anulini,

772 1685 969 1738 Candidi,
1000 1686 1219 1739 Laterani,
1250 1686 1394 1740 Laeti)
1425 1687 1658 1744 Nigrianos
1683 1688 1901 1731 exercitus
1922 1689 2072 1743 vincit,
2101 1691 2247 1746 ipsum

769 1745 815 1787 in
845 1744 951 1799 fuga
982 1745 1156 1787 occidit.
1217 1745 1480 1800 Byzantium
1511 1746 1710 1790 obsidere
1740 1747 1909 1802 incipit.

738 1802 838 1846 Cos.
873 1803 1064 1858 Scapula
1095 1803 1316 1848 Tertullus
1350 1807 1394 1847 et
1425 1805 1606 1848 Tineius
1640 1805 1841 1848 Clemens
1874 1806 1988 1858 (suff.
2020 1806 2070 1849 L.
2087 1806 2249 1850 Marius

771 1862 985 1905 Maximus
1007 1862 1249 1918 Perpetuus
1269 1862 1570 1915 Aurelianus).
1610 1863 1662 1907 Id
1691 1865 1822 1907 etiam
1851 1867 1954 1920 post
1982 1865 2109 1921 Nigri
2137 1879 2249 1910 mor-

771 1924 859 1964 tem
890 1920 1130 1964 fortissime
1161 1921 1418 1966 defenditur.
1471 1922 1659 1966 Severus
1692 1923 1954 1976 Carmanos,
1985 1923 2248 1979 Adiabenos,

769 1979 952 2033 Arabes,
982 1980 1341 2036 Mesopotamiam
1379 1982 1637 2035 incolentes,
1675 1982 1771 2038 ipse
1801 1982 1946 2026 Nisibi
1978 1996 2249 2028 commorans

770 2052 848 2095 per
878 2039 1049 2095 legatos
1080 2040 1127 2082 in
1156 2042 1418 2096 potestatem
1446 2039 1621 2098 redigit.
1682 2041 1790 2085 Inde
1821 2042 2042 2096 Arabicus,
2071 2043 2251 2087 Adiabe-

772 2100 887 2140 nicus
918 2098 1175 2154 appellatur.

830 2157 1068 2212 Septimius
1110 2158 1409 2211 Tertullianus,
1450 2171 1680 2202 causarum
1720 2161 1931 2215 patronus
1975 2159 2251 2217 Carthagine,

776 2215 1051 2258 Christianus
1081 2215 1145 2259 fit.

737 2274 928 2316 Domitio
959 2274 1124 2318 Dextro
1153 2273 1211 2327 II,
1242 2274 1292 2318 L.
1312 2274 1488 2318 Valerio
1509 2265 1714 2319 Messalla
1735 2275 1930 2319 Thrasea
1948 2276 2100 2320 Prisco
2134 2278 2250 2329 (suff.

777 2332 867 2376 Cal.
898 2333 1007 2376 Mais
1039 2333 1088 2376 P.
1109 2332 1271 2384 Fusco)
1305 2346 1394 2377 cos.
1425 2334 1687 2390 Byzantium
1717 2335 1892 2378 tandem
1922 2335 2114 2378 deditum
2135 2349 2251 2380 moe-

775 2392 903 2434 nibus
934 2393 1129 2447 privatur
1161 2406 1211 2436 ac
1242 2393 1478 2436 Perinthiis
1519 2394 1761 2436 subiicitur.
1825 2394 2012 2437 Severus
2044 2396 2174 2438 rebus
2205 2397 2251 2438 in

725 2472 727 2474 ·
774 2450 949 2494 Oriente
980 2452 1236 2506 compositis
1268 2455 1489 2495 revertens
1511 2452 1746 2497 Viminacii
1769 2451 2039 2495 Caracallum
2069 2453 2128 2497 fil.
2152 2455 2252 2497 Cae-

775 2525 906 2551 sarem
945 2510 1222 2565 appellatet
1259 2508 1548 2554 Antoninum:
1592 2513 1784 2554 extremo
1825 2524 1936 2555 anno
1967 2512 2150 2555 Romam
2186 2527 2252 2556 re-

772 2581 925 2612 versus
955 2569 1148 2611 Albinum
1180 2569 1351 2613 hostem
1380 2570 1567 2624 iudicat,
1610 2571 1685 2626 qui
1715 2571 1946 2627 compertis
1979 2572 2252 2628 imperatoris

770 2628 959 2680 insidiis,
982 2628 1027 2670 in
1052 2627 1240 2671 Galliam
1259 2630 1580 2685 transgressus,
1601 2629 1765 2672 bellum
1785 2629 1928 2673 facere
1951 2635 2250 2687 occupaverat.

772 2686 856 2728 Dio
897 2685 1078 2730 Cassius
1121 2700 1177 2731 ex
1214 2689 1527 2743 proconsulatu
1566 2687 1741 2732 Africae
1780 2690 1900 2732 urbis
1938 2689 2254 2745 praefecturam

747 2776 750 2780 .
773 2745 946 2800 accipit.

738 2802 825 2846 Sed
851 2803 901 2846 11
929 2802 1020 2846 Cal.
1042 2804 1164 2847 Mart.
1189 2805 1240 2848 T.
1259 2804 1412 2850 Sextio
1433 2805 1648 2849 Laterano
1670 2808 1715 2849 et
1733 2806 1784 2850 L.
1802 2805 1964 2862 Cuspio
1983 2806 2138 2850 Rufino
2161 2821 2250 2852 cos.

774 2862 889 2917 apud
908 2862 1170 2918 Lugdunum
1200 2864 1370 2920 ingenti
1399 2865 1564 2920 proelio
1585 2864 1771 2908 Albinus
1802 2866 1990 2908 vincitur
2020 2868 2063 2909 et
2093 2867 2253 2910 occidi-

774 2923 864 2963 tur:
907 2923 1103 2977 suspecti
1141 2923 1197 2966 ob
1229 2924 1323 2966 eius
1364 2924 1600 2967 amicitiam
1629 2924 1834 2979 permulti
1864 2927 1908 2967 et
1938 2925 2101 2968 Romae
2135 2928 2179 2969 et
2208 2927 2254 2969 in

722 3035 724 3038 y
774 2980 1012 3034 provinciis
1043 2983 1268 3034 necantur,
1298 2983 1413 3025 bona
1442 2982 1664 3038 publicata
1685 2983 1734 3025 in
1752 2984 1964 3025 aerarium
1984 2983 2253 3040 rediguntur.

774 3038 915 3081 Huius
960 3039 1074 3089 enim
1122 3041 1400 3096 praecipuam
1448 3041 1664 3096 quandam
1709 3054 1856 3084 curam
1895 3043 1980 3085 sibi
2021 3044 2253 3098 gerendam

777 3109 874 3139 esse
899 3097 1086 3141 Severus
1110 3099 1390 3152 existimavit,
1422 3101 1644 3155 ceteroqui
1664 3101 1855 3144 liberalis
1877 3101 1923 3143 in
1942 3102 2118 3155 milites,
2150 3115 2253 3158 quo-

774 3168 870 3210 rum
910 3156 1127 3212 stipendia
1168 3161 1395 3214 augentur.
1468 3159 1738 3202 Britanniam
1776 3160 1821 3202 in
1861 3160 1968 3202 duas
2007 3163 2252 3216 provincias

777 3213 944 3266 dividit,
967 3216 1149 3258 Romam
1169 3230 1368 3260 reversus
1387 3216 1622 3261 Commodo
1645 3218 1814 3262 divinos
1836 3219 2022 3262 honores
2047 3220 2253 3274 decernit,

777 3271 816 3314 9.
849 3272 942 3315 Iun.
975 3273 1112 3317 filium
1150 3277 1357 3322 maiorem
1393 3278 1634 3333 principem
1663 3278 1900 3321 iuventutis
1939 3279 2169 3334 appellari,
2207 3280 2254 3323 in

778 3330 963 3386 collegia
1001 3334 1258 3388 pontificum
1298 3336 1478 3389 ascribi,
1528 3337 1832 3392 imperatorem
1871 3337 2079 3380 destinari
2119 3339 2252 3381 iubet.

776 3388 982 3432 Extremo
1023 3405 1136 3435 anno
1177 3395 1223 3436 in
1255 3394 1427 3450 Syriam
1465 3395 1758 3451 proficiscitur
1796 3398 1948 3440 contra
1975 3397 2251 3453 Vologesem,

775 3460 924 3502 regem
955 3449 1223 3495 Parthorum.

740 3505 840 3550 Cos.
874 3506 1107 3551 Saturnino
1141 3514 1185 3553 et
1218 3511 1343 3554 Gallo
1377 3511 1564 3555 Severus
1596 3511 1770 3556 Iudaeis
1797 3513 1966 3568 pacatis
1997 3512 2251 3555 Parthorum

779 3564 888 3607 fines
920 3566 1176 3621 ingreditur,
1211 3569 1537 3625 Ctesiphontem
1571 3572 1687 3625 capit
1717 3584 1767 3613 ac
1799 3571 1958 3625 diripit,
1994 3570 2159 3622 Getam,
2190 3571 2248 3614 fil.
