2392 4016
156 344 187 368 a.
205 334 288 368 chr.
357 343 380 367 u
410 343 429 367 c

182 380 270 425 407
351 379 437 424 347

181 497 269 541 400
351 496 438 541 348

180 732 268 777 405
348 731 436 776 349

179 907 268 952 404
346 906 435 972 350

177 1024 265 1069 403
347 1024 431 1069 351

178 1554 267 1598 409
347 1554 448 1617 353

176 1849 261 1893 401
347 1848 435 1893 353

176 2083 267 2127 400
345 2083 433 2129 354

175 2375 262 2421 399
342 2376 429 2422 355

177 2790 266 2836 398
345 2791 432 2837 356

175 2907 261 2953 397
343 2907 431 2953 357

176 3197 262 3245 896
344 3199 432 3245 358

594 188 646 229 ab
679 201 784 228 anno
816 200 853 228 a.
876 188 971 228 Chr.
1004 189 1088 228 429
1121 200 1246 238 usque
1278 189 1331 228 ad
1362 202 1510 229 annum
1545 190 1644 230 896.
2029 188 2089 236 63

432 358 441 367 ’
498 379 577 422 IV
599 379 693 421 trib.
723 380 806 422 miz.
838 394 943 422 com.
971 387 1057 434 poe.
1090 378 1205 432 (Liv.
1236 380 1280 433 4,
1312 379 1391 432 57)
1431 392 1581 423 omnes
1611 381 1698 424 iam
1738 382 1875 426 functi
1922 394 1975 427 00
2012 381 2088 427 ho·

545 449 663 481 nore.
723 437 848 481 Finis
879 437 1150 482 induciarum
1181 450 1281 482 cum
1301 438 1574 495 Veientibus.

498 497 576 539 IV
601 497 693 539 trib.
724 498 807 539 mil.
841 512 948 539 cons.
979 506 1064 553 pot.
1105 496 1224 550 (Liv.
1255 497 1299 550 4,
1339 496 1438 549 58).
1508 496 1745 554 Tripartito
1783 501 1978 543 exercitu
2018 513 2087 544 res

546 555 710 612 geritur
743 555 838 599 adv.
861 555 1062 600 Volscos.
1115 555 1228 600 Dum
1258 556 1369 599 duae
1390 558 1537 612 partes
1558 554 1759 610 Antiates
1782 562 1827 602 et
1847 558 2087 603 Ecetranos

545 613 731 658 Volscos
764 614 981 668 obsident,
1013 614 1179 669 Anxur,
1209 627 1321 671 quae
1351 627 1467 659 nunc
1485 615 1747 660 Terracinae
1771 621 1886 670 sunt,
1919 619 2088 675 capitur

542 675 587 716 et
617 673 830 730 diripitur.
892 674 1147 730 Stipendium
1178 672 1260 717 hoc
1290 675 1477 730 primum
1509 687 1623 717 anno
1653 676 1778 718 datur
1806 677 2015 720 militibus.

506 731 573 774 VI
606 733 700 776 trib.
742 734 825 775 mil.
867 748 972 776 cons.
999 741 1087 787 poe.
1120 732 1240 785 (Liv.
1270 733 1314 787 4,
1346 733 1444 785 61).
1505 733 1678 777 Bellum
1709 747 1806 777 cum
1831 735 2088 779 Veientibus

544 791 691 847 coepit
738 792 952 848 segniter,
986 791 1102 835 dum
1148 804 1250 848 pars
1295 793 1521 849 copiarum
1568 792 1664 836 adv.
1695 793 1881 837 Volscos
1927 794 2088 837 bellum

542 850 669 907 gerit.
999 879 1004 882 -

504 909 572 951 VI
597 910 691 952 trib.
723 909 805 951 mil.
839 924 945 951 cons.
971 918 1059 964 pot.
1092 909 1215 962 (Liv.
1234 909 1277 963 4,
1300 909 1352 953 61
1365 909 1397 962 ).
1459 910 1578 954 Solis
1610 910 1796 954 defectio
1837 911 1963 954 nonis
1993 911 2087 954 Iun.

542 967 588 1011 in
618 967 848 1012 annalibus
876 969 1080 1012 maximis
1109 970 1296 1025 primum
1327 970 1600 1026 consignata,
1633 969 1725 1014 Cic.
1748 970 1802 1013 de
1824 983 1914 1026 rep.
1942 971 1981 1022 l,
2018 970 2085 1014 16.

507 1026 575 1068 VI
607 1029 718 1070 ινίὀ..
741 1028 823 1070 mil.
857 1043 963 1070 cons.
994 1036 1080 1082 pot.
1122 1027 1217 1071 Liv.
1249 1028 1291 1080 5,
1328 1029 1348 1071 l
1382 1031 1482 1072 octo
1515 1031 1686 1072 creatos
1718 1029 1793 1081 ait,
1833 1028 1950 1085 quod
1979 1029 2087 1072 alias

543 1098 764 1142 nunquam
794 1086 958 1130 factum
989 1087 1060 1130 sit.
1132 1086 1222 1130 Sed
1251 1086 1361 1131 duos
1393 1100 1449 1130 ex
1486 1088 1542 1130 iis
1574 1087 1637 1129 Μ.
1669 1089 1838 1130 Furium
1875 1088 2088 1130 Camillum

541 1147 587 1188 et
626 1145 691 1188 M.
731 1145 980 1188 Postumium
1018 1147 1211 1188 Albinum
1249 1158 1455 1189 censores
1493 1147 1575 1190 hoc
1614 1159 1727 1190 anno
1765 1146 1901 1190 fuisse
1941 1150 1986 1189 et
2023 1147 2087 1190 lu-

545 1206 685 1247 strum
717 1203 785 1247 16.
807 1204 968 1248 fecisse
997 1203 1101 1248 fasti
1124 1203 1310 1260 Capitol.
1331 1205 1527 1248 indicant
1557 1206 1812 1257 (Legendum
1834 1207 1943 1256 apud
1964 1208 2086 1245 eund.

543 1263 634 1301 Liv.
678 1263 725 1311 ὅ,
769 1266 790 1301 1
831 1263 888 1302 Μ.
929 1264 1076 1303 Furius
1106 1264 1234 1303 Fusus
1273 1277 1346 1314 pro
1376 1265 1433 1303 Μ.
1466 1265 1717 1313 Postumio).
1769 1264 1984 1308 Censores
2016 1280 2116 1335 aas⁸

543 1337 736 1424 33:3⁴3.
765 1322 1175 1425 ”iailssibss‘ssffi
1209 1323 2110 1426 zisffsssttffffibffizisssigaeis:.

541 1442 633 1492 tur,
673 1439 751 1482 sed
791 1441 995 1496 operibus
1028 1453 1054 1483 a
1075 1441 1333 1485 Veientibus
1373 1441 1590 1494 incensis,
1630 1442 1896 1499 oppugnatio
1934 1454 2113 1499 rursus>x

543 1497 814 1554 aliquamdiu*
839 1502 998 1542 cessat.

505 1555 573 1598 VI
597 1558 690 1599 trib.
721 1558 805 1599 mil.
838 1573 943 1600 cons.
977 1567 1064 1613 pot.
1097 1557 1220 1611 (Liv.
1252 1556 1294 1611 5,
1326 1557 1396 1611 8).
1457 1558 1623 1602 Falisci
1661 1561 1706 1601 et
1737 1558 1980 1614 Capenates
2013 1559 2085 1602 ob-

543 1615 756 1659 sidionem
776 1613 982 1660 Veiorum
1016 1617 1204 1670 solvunt,
1236 1617 1385 1660 alteris
1417 1618 1575 1661 castris
1607 1618 1815 1660 Romanis
1847 1613 1915 1659 M’.
1940 1617 2084 1673 Sergii

543 1676 589 1717 et
616 1674 668 1717 L.
701 1674 900 1733 Verginii
935 1676 1207 1720 tribunorum
1238 1676 1460 1720 discordia
1490 1677 1644 1733 captis.
1705 1676 1848 1719 Etiam
1877 1676 2029 1719 Anxur
2060 1689 2086 1718 a

541 1732 974 1792 Volscisrecipitur.
1026 1735 1271 1778 Sollemnes
1302 1735 1504 1778 ineundis
1535 1736 1864 1792 magistratibus
1891 1734 1955 1778 Id.
1979 1735 2083 1778 Dec.

542 1795 660 1846 sunt,
692 1791 772 1837 se'd
801 1793 955 1837 ineunt
987 1807 1098 1837 anno
1129 1795 1269 1850 inseq.
1305 1793 1398 1837 cal.
1432 1795 1527 1837 Oct.

504 1850 572 1893 VI
606 1853 699 1894 trib.
739 1853 822 1894 mil.
863 1869 969 1896 cons.
997 1862 1083 1908 pot.
1121 1853 1248 1905 (Liv.
1279 1852 1321 1906 5,
1357 1852 1449 1904 10).
1501 1852 1730 1909 Multiplex
1759 1852 1893 1909 igitur
1923 1853 2085 1895 bellum

545 1913 697 1953 contra
717 1911 948 1964 Veientes,
977 1911 1198 1964 Faliscos,
1231 1911 1498 1968 Capenates,
1530 1911 1716 1955 Volscos
1749 1912 1927 1967 geritur.
1990 1911 2086 1955 Tri-

540 1968 669 2069 gunis
700 1969 759 2025 pl.
791 1971 1098 2015 accusantibus
1130 1971 1313 2028 Sergius
1345 1973 1389 2014 et
1409 1970 1644 2028 Verginius
1676 1970 1857 2014 salutari
1885 1970 2084 2026 exemplo

575 2030 816 2071 amnantnr.

502 2083 571 2127 VI
595 2088 687 2146 trib.
725 2088 809 2130 mil.
840 2102 946 2130 cons.
976 2096 1075 2142 pot„
1120 2097 1303 2144 quorum
1333 2101 1466 2131 unum
1505 2087 1642 2132 fuisse
1674 2088 1727 2131 de
1766 2088 1893 2144 plebe
1926 2088 1976 2130 P.
2008 2088 2083 2130 La·-

542 2146 690 2188 cinium
725 2146 892 2188 Calvum
923 2146 1016 2190 Liv.
1040 2146 1082 2200 5,
1107 2146 1162 2190 12
1190 2147 1339 2200 tradit,
1371 2150 1541 2190 ceteros
1573 2148 1795 2204 patricios.
1844 2147 1933 2190 Sed
1954 2150 2082 2199 errat,

541 2217 640 2247 nam
670 2207 844 2260 praeter
870 2205 995 2248 illum
1024 2206 1186 2263 plebeii
1206 2207 1310 2249 item
1331 2206 1388 2248 L.
1410 2206 1599 2256 Titinius,
1633 2206 1684 2249 P.
1703 2207 1897 2259 Maelius,
1928 2206 1983 2248 L.
2000 2206 2083 2247 Pu-

541 2263 682 2305 blilius
703 2263 896 2307 Vulscus:
934 2265 1110 2321 patricii
1140 2264 1225 2308 duo
1255 2265 1308 2308 P.
1340 2265 1550 2319 Manlius,
1589 2265 1667 2321 Sp.
1698 2266 1862 2308 Furius.
1930 2264 2083 2308 Anxur

541 2325 836 2378 recuperatur.
899 2323 1040 2367 Saeva
1069 2324 1224 2367 hiems.

500 2380 569 2422 VI
594 2382 690 2424 trib.
719 2383 803 2424 mil.
844 2398 949 2425 cons.
986 2391 1090 2438 pot„
1132 2395 1242 2439 quos
1272 2381 1368 2425 Liv.
1401 2380 1443 2435 5,
1479 2381 1533 2426 13
1571 2385 1744 2439 praeter
1780 2395 1913 2425 unum
1951 2382 2082 2438 patri-

542 2439 685 2494 cium,
725 2452 875 2484 omnes
906 2441 1101 2498 plebeios
1132 2441 1270 2484 fuisse
1301 2442 1376 2484 ait.
1445 2440 1534 2485 Sed
1565 2444 1667 2484 sunt
1698 2441 1782 2484 duo
1812 2441 1988 2498 patricii
2017 2441 2080 2483 M.

470 2509 486 2516 ⁴·
548 2493 752 2553 Veturius,
789 2500 860 2542 Cn.
884 2500 1099 2553 Genucius,
1132 2502 1336 2556 quattuor
1354 2499 1517 2556 plebeii
1536 2500 1599 2542 M.
1618 2500 1875 2555 Pomponius,
1911 2501 1956 2542 C.
1973 2501 2081 2542 Dm·-

542 2558 635 2610 ῑίαε,
677 2558 765 2602 Vol.
797 2559 1018 2611 Publilius,
1058 2559 1112 2602 L.
1144 2559 1315 2601 Atilius.
1376 2558 1540 2602 Falisci
1571 2561 1616 2602 et
1646 2557 1890 2614 Capenates
1921 2558 2082 2601 frustra

539 2615 762 2670 Veientes,
803 2617 952 2674 inopia
981 2617 1185 2660 frumenti
1222 2617 1493 2669 laborantes,
1537 2616 1762 2661 obsidione
1793 2617 1976 2660 liberare
2009 2629 2080 2659 co·

538 2677 710 2718 uantur.
771 2675 862 2719 Sed
901 2676 1064 2720 Romae
1109 2675 1362 2733 pestilentia
1399 2678 1488 2728 est,
1536 2676 1661 2719 00100
1700 2675 1907 2719 levandae
1947 2687 2080 2719 causa

539 2734 632 2776 tum
662 2734 849 2790 primum
880 2747 936 2778 ex
966 2735 1089 2778 libris
1122 2734 1277 2790 Sibyll.
1309 2734 1626 2778 lectisternium
1657 2734 1832 2778 factum.

508 2790 576 2834 VI
602 2793 695 2834 trib.
734 2794 818 2835 mil.
857 2809 962 2836 cons.
996 2802 1083 2848 pot.
1128 2792 1246 2844 (LiV.
1280 2792 1329 2847 5,
1365 2792 1447 2846 14)
1487 2805 1638 2837 omnes
1677 2793 1862 2850 patricii.
1922 2792 2079 2849 Legati

538 2849 731 2906 Delphos
762 2852 991 2895 mittuntur
1022 2851 1075 2895 de
1106 2851 1231 2908 prodi
1267 2852 1306 2895 ‘o
1334 2851 1519 2896 Albano.

502 2908 571 2952 VI
598 2910 690 2952 trib.
721 2910 804 2953 mil.
836 2925 942 2953 cons.
971 2919 1056 2965 pot.
1089 2909 1208 2963 (Liv.
1262 2942 1273 2963 ,
1298 2909 1378 2962 16)
1409 2911 1514 2954 item
1544 2910 1717 2967 patricii
1747 2923 1910 2954 omnes.
1972 2909 2077 2952 Tar-

542 2967 794 3023 quinienses
836 2969 939 3012 novi
978 2969 1127 3013 hostes
1166 2968 1400 3022 accedunt,
1442 2969 1520 3013 sed
1550 2969 1740 3025 reliquos
1772 2969 1970 3012 Etruriae
2001 2980 2077 3024 po-

541 3026 669 3081 pulos
694 3028 868 3083 propius
910 3043 938 3070 a
973 3027 1111 3071 Gallie
1142 3029 1367 3083 periculum
1398 3028 1659 3071 constrictos
1691 3030 1832 3079 tenet,
1872 3028 1966 3082 qui,
2006 3038 2076 3069 oe·

540 3084 712 3140 cnpatis
743 3086 860 3129 eirca
880 3085 1044 3130 Padum
1077 3099 1246 3131 amnem
1277 3087 1420 3139 terris,
1453 3086 1695 3129 Tuscorum
1727 3086 1927 3128 civitates
1961 3085 2075 3128 bello

541 3146 757 3198 premunt.
817 3145 1001 3202 Propter
1031 3145 1270 3190 discordias
1302 3146 1544 3200 interreges
1577 3148 1679 3188 sunt
1709 3144 1829 3187 exitu
1861 3144 1975 3186 anni.

502 3201 570 3244 VI
596 3203 689 3245 m'b.
717 3204 804 3247 nil.
835 3219 940 3248 com.
967 3213 1071 3260 pot„
1103 3204 1240 3247 maior
1271 3215 1372 3259 pars
1402 3203 1455 3246 de
1477 3202 1603 3260 plebe
1625 3202 1676 3245 P:
1693 3201 1893 3254 Licinius,
1927 3202 1980 3244 L.
2004 3201 2074 3244 n·-

542 3262 702 3363 εᾶιιωεὸ
708 3260 760 3304 Ρ.
791 3261 987 3363 '‘taff''
1009 3263 1298 3371 ιῖιράεἵιίυεὶ·
1314 3262 1358 3305 hi
1375 3262 1747 3372 (zmnes5itefgm,
1786 3261 1958 3369 patgipii
1986 3260 2074 3363 gug

608 3352 618 3361 .
702 3334 865 3364 sauctus
983 3334 1006 3366 e
1109 3354 1118 3364 .
1210 3336 1263 3363 an
1283 3336 1346 3364 ius
1437 3333 1495 3364 iv.
1573 3353 1584 3372 ,
1720 3332 1858 3363 erravi
1881 3352 1890 3361 .
2021 3331 2045 3362 e

540 3377 604 3420 M.
635 3377 788 3421 Rarius
821 3378 1016 3422 Camillus
1044 3379 1230 3423 dictator
1259 3378 1335 3432 (P.
1358 3379 1586 3424 Cornelius
1617 3378 1928 3434 Maluginensis
1958 3390 2072 3435 mag.

544 3434 634 3492 eq.)
666 3436 809 3482 dictus
830 3437 1029 3483 Faliscos
1061 3442 1106 3482 et
1127 3437 1370 3495 Capenates
1398 3438 1603 3490 devincit,
1635 3441 1725 3480 tum
1746 3436 1800 3479 ad
1822 3447 2073 3493 oppugnan-

541 3494 621 3598 (1ζο
642 3494 798 3598 Vgios
809 3508 1064 3599 ll‹zoiiversus
1086 3497 1235 3540 urbem
1261 3496 1437 3541 tandem
1457 3496 1672 3541 cuniculis
1694 3505 1857 3538 curn
1905 3495 2072 3539 Trium-

541 3566 570 3610 p
601 3565 651 3598 us
721 3555 808 3599 ami
844 3556 869 3598 '.
1570 3581 1575 3586 -
