2392 4016
358 181 440 223 182
1125 176 1302 215 Annales
1332 176 1503 215 Romani

357 325 452 414 343
509 334 620 413 1Ποὅῦ
677 333 765 410 'mii'-
801 365 944 424 Augg.
978 366 1233 410 Constantio
1266 365 1331 408 111
1362 368 1407 408 et
1438 364 1676 409 Constante
1708 366 1750 409 II
1790 378 1880 409 cos.
1914 365 2072 408 Franci
2113 379 2138 408 a
2169 365 2280 408 Con-

843 429 984 469 stante
1015 426 1258 468 vincuntur.

356 487 443 531 343
509 486 622 530 1096
715 486 740 528 7
801 485 856 528 M.
878 485 1042 528 Maecio
1073 483 1273 526 Memmio
1305 481 1436 524 Furio
1458 481 1662 525 Balburio
1686 481 1875 526 Caecilio
1907 481 2085 524 Placido
2117 485 2161 524 et
2189 480 2280 533 (Fl.

841 543 1034 594 Pisidio)
1066 542 1250 585 Romulo
1283 553 1375 584 cos.
1398 540 1614 584 Constans
1644 540 1691 583 in
1720 541 1988 584 Britanniam
2019 541 2181 583 traiicit
2210 540 2281 583 ad-

842 614 994 645 versus
1033 602 1182 644 Pictos
1222 602 1266 643 et
1305 600 1475 643 Scotos.
1549 600 1751 642 Fir-micus
1781 600 1997 642 Maternus
2035 599 2191 642 librum
2230 599 2282 642 de

844 673 986 703 errore
1016 659 1293 716 profanarum
1322 659 1582 715 religionum
1614 658 1669 700 ad
1698 657 1922 715 Augustos
1955 658 2186 714 componit.

361 721 448 765 344
512 721 624 765 1097
716 720 743 764 8
803 720 967 763 Flaviis
1005 719 1188 762 Leontio
1229 721 1273 761 et
1312 717 1520 761 Sallustio
1563 729 1652 760 cos.
1686 717 2077 773 componendarum
2117 717 2284 759 dissen-

845 779 1015 822 sionum
1047 790 1181 821 causa
1219 777 1452 820 concilium
1486 776 1827 819 Christianorum
1858 777 2161 832 episcoporum
2193 776 2284 817 uni-

844 838 1012 880 versale
1033 837 1239 879 Sardicae
1269 836 1315 878 in
1345 835 1505 879 finibus
1527 836 1752 890 utriusque
1782 835 1952 891 imperii
1981 835 2175 886 habetur,
2208 834 2286 876 sed

847 896 1092 948 discidium,
1123 895 1239 951 quod
1268 895 1366 937 tolli
1397 895 1596 946 debebat,
1629 897 1827 950 augetur,
1858 894 1958 936 dum
1990 894 2135 936 Latini
2155 893 2286 935 Atha·
2338 928 2343 933 .

845 955 1015 997 nasium
1037 955 1192 996 acriter
1213 953 1462 1006 defendunt,
1496 953 1653 996 Graeci
1677 953 1862 996 Rotnani
1886 953 2080 1008 episcopi
2101 953 2286 995 auctori-

845 1015 979 1055 tatem
1011 1014 1308 1068 aspernantur.

361 1070 448 1115 345
514 1071 626 1114 1098
719 1070 744 1113 9
808 1070 908 1114 Cos.
941 1070 1168 1113 Amantius
1202 1073 1246 1112 et
1273 1070 1474 1112 Albinus.

361 1131 450 1174 346
513 1130 625 1173 1099
691 1129 746 1172 10
809 1129 908 1172 Cos.
943 1128 1086 1185 Augg.
1121 1128 1404 1172 Constantius
1436 1127 1512 1180 IV,
1546 1126 1763 1170 Constans
1803 1128 1867 1170 III
1916 1126 2018 1180 (aut
2055 1131 2156 1184 post
2186 1142 2288 1171 con-

847 1189 1035 1231 sulatum
1072 1187 1264 1230 Amantii
1311 1190 1355 1230 et
1390 1185 1580 1238 Albini).
1658 1185 1942 1239 Athanasius,
1983 1201 2009 1228 a
2051 1186 2289 1230 Constante

847 1249 1043 1302 impense
1076 1247 1263 1299 adiutus,
1293 1247 1340 1288 in
1370 1244 1708 1289 Alexandrinam
1739 1245 1907 1298 sedem,
1939 1246 2199 1289 laetantibus
2231 1247 2290 1289 ci-

845 1307 992 1358 vibus,
1035 1306 1291 1348 restituitur.
1355 1305 1544 1361 Sapores
1573 1306 1732 1347 iterum
1761 1304 1921 1348 frustra
1952 1304 2184 1348 Nisibenos
2216 1306 2290 1348 ob-

850 1365 1018 1408 sidione
1049 1365 1219 1420 premit.
1281 1363 1488 1407 Nascitur
1521 1363 1817 1417 Theodosius,
1858 1366 2014 1420 postea
2042 1364 2289 1420 imperator.

363 1424 447 1468 347
513 1423 627 1467 1100
691 1423 742 1465 11
808 1422 908 1467 Cos.
942 1423 1124 1466 Rufinus
1157 1426 1201 1466 et
1229 1423 1461 1466 Eusebius.

365 1482 451 1526 348
516 1482 625 1525 1101
693 1481 747 1524 12
808 1483 874 1525 Fl.
907 1483 1107 1538 Philippo
1157 1485 1201 1525 et
1237 1482 1304 1524 Fl.
1338 1482 1459 1525 Salia
1490 1494 1579 1525 cos.
1618 1481 1778 1524 Persae
1821 1481 1962 1524 denuo
2008 1481 2291 1537 irruptionem

848 1543 894 1584 in
915 1541 1271 1597 Mesopotamiam
1301 1540 1488 1583 faciunt:
1521 1540 1636 1596 apud
1667 1540 1854 1596 Singara
1884 1553 2034 1583 mense
2054 1540 2167 1596 Aug.
2200 1542 2291 1584 vin-

851 1602 1008 1643 cuntur
1047 1603 1090 1643 et
1121 1600 1276 1642 castris
1309 1602 1545 1652 exuuntur,
1585 1599 1664 1642 sed
1702 1612 1881 1642 securos
1913 1599 2130 1643 Romanos
2162 1600 2290 1656 paulo

853 1661 954 1715 post
983 1660 1030 1701 in
1058 1659 1215 1702 iisdem
1248 1659 1403 1702 castris
1425 1659 1696 1714 opprimunt.

364 1716 450 1759 349
514 1716 631 1759 1102
697 1717 750 1760 13
814 1717 914 1760 Cos.
947 1718 1101 1772 Ulpius
1132 1717 1356 1760 Limenius
1396 1720 1440 1760 et
1476 1717 1670 1760 Aconius
1704 1716 1931 1760 Catulinus
1962 1717 2290 1760 Philomathius.

365 1774 452 1818 350
515 1775 628 1818 1103
693 1775 747 1819 14
809 1776 963 1831 Sergio
987 1778 1030 1818 et
1049 1775 1306 1831 Nigriniano
1329 1788 1418 1819 cos.
1440 1785 1509 1818 xv
1533 1774 1930 1818 Cal.Febr.Comes
1951 1771 2289 1818 MAGNEN'rms

851 1834 1164 1891 Augustoduni
1185 1833 1382 1885 (Autun)
1404 1835 1451 1876 in
1473 1833 1616 1877 Gallia
1636 1847 1870 1890 purpuram
1891 1835 2034 1877 sumit.
2082 1835 2292 1887 Constans,

853 1907 933 1937 nec
957 1893 1296 1949 provincialibus
1329 1905 1410 1936 nec
1440 1893 1653 1936 militibus
1685 1896 1905 1948 acceptus,
1937 1893 2041 1949 fuga
2071 1906 2119 1936 se
2151 1894 2292 1950 eripit,

853 1953 931 1996 sed
968 1952 1159 1995 Helenae
1204 1953 1250 1994 in
1295 1951 1454 1995 finibus
1500 1952 1738 2008 Hispaniae
1784 1953 1837 1995 ab
1885 1952 2102 2007 equitibus
2147 1965 2293 2008 perse-

850 2013 1082 2068 quentibus
1123 2013 1342 2063 occiditur,
1381 2012 1537 2054 aetatis
1581 2023 1693 2053 anno
1732 2010 1804 2054 30.
1879 2011 2177 2067 Magnentius,
2220 2024 2293 2067 op-

853 2083 1006 2127 presso
1028 2070 1277 2125 Nepotiano‚
1311 2069 1587 2113 Constantini
1618 2071 1780 2113 sororis
1811 2069 1915 2122 filio,
1947 2071 2022 2125 qui
2051 2070 2214 2112 Romae
2245 2083 2293 2113 se

850 2131 1155 2185 imperatorem
1186 2129 1410 2185 professus
1443 2131 1548 2181 erat,
1581 2129 1688 2171 duas
1720 2129 1970 2172 Occidentis
2000 2129 2293 2185 praefecturas

853 2189 1040 2240 obtinet,
1080 2201 1179 2230 cum
1208 2189 1254 2230 in
1285 2187 1462 2243 Illyrico
1503 2189 1719 2240 Vetranio,
1750 2190 1876 2230 vetus
1908 2188 2055 2241 miles,
2087 2188 2141 2231 ab
2173 2201 2295 2231 exer-

854 2248 943 2289 citu
975 2247 1030 2288 ad
1059 2247 1350 2301 principatum
1381 2248 1558 2288 evectus
1590 2249 1721 2288 esset.
1785 2246 2066 2290 Constantius
2106 2248 2294 2300 interim,

853 2317 1029 2347 reverso
1068 2305 1114 2347 in
1150 2317 1334 2360 regnum
1365 2317 1491 2347 suum
1523 2305 1709 2360 Sapore,
1751 2306 1825 2360 qui
1854 2306 1941 2347 iam
1972 2306 2147 2348 tertium
2178 2306 2293 2348 Nisi-

850 2365 941 2406 bim
969 2377 1048 2419 per
1079 2365 1282 2419 quattuor
1310 2376 1483 2406 menses
1524 2364 1642 2406 omni
1677 2363 1722 2405 vi
1758 2363 1979 2406 hominum
2019 2367 2063 2406 et
2093 2364 2294 2420 elephan-

854 2425 995 2465 torum
1027 2425 1318 2478 oppugnaret,
1351 2422 1508 2478 spretis
1540 2423 1779 2477 Magnentii
1818 2423 2168 2475 condicionibus,
2204 2424 2286 2466 bel

851 2481 941 2523 lum
970 2484 1106 2536 parat.
1170 2480 1279 2524 Cum
1309 2481 1574 2524 Vetranione
1613 2481 1659 2523 in
1690 2482 1872 2536 gratiam
1909 2481 2042 2534 redit,
2084 2482 2162 2524 sed
2192 2495 2294 2525 eun-

855 2540 952 2582 dem
974 2539 1180 2582 Sardicae
1212 2538 1342 2592 (Dec.
1365 2539 1464 2592 25.)
1494 2540 1682 2582 militum
1702 2551 1920 2583 consensu
1938 2554 2130 2596 purpura
2159 2542 2294 2595 exuit,

859 2601 903 2641 et
922 2599 1104 2641 Prusam
1125 2598 1304 2654 relegat,
1335 2599 1411 2642 ubi
1430 2600 1563 2641 vitam
1582 2600 1808 2654 privatam,
1841 2602 1885 2641 at
1915 2611 2112 2642 securam
2133 2603 2294 2655 ageret.

372 2653 455 2698 351
521 2655 636 2698 1104
700 2655 754 2700 15
816 2657 937 2700 Nulli
967 2658 1073 2700 iusti
1104 2658 1308 2700 consules
1338 2657 1526 2710 fuerunt,
1559 2670 1697 2700 annus
1728 2658 1862 2714 igitur
1891 2661 1992 2714 post
2022 2659 2293 2702 consulatum

856 2716 1002 2771 Sergii
1032 2719 1075 2758 et
1098 2716 1345 2772 Nigriniani
1365 2715 1573 2768 notatur.)
1627 2716 1923 2769 Constantius,
1955 2720 2003 2760 ut
2022 2717 2191 2770 habeat,
2224 2718 2294 2760 cui

800 2775 804 2778 ”
857 2788 1004 2817 curam
1041 2775 1146 2817 belli
1183 2775 1351 2818 Persici
1387 2778 1483 2818 tuto
1523 2776 1785 2828 committat,
1816 2776 2014 2828 Gallum,
2055 2777 2295 2831 patruelem

857 2845 995 2885 suum,
1028 2833 1227 2876 custodia
1256 2834 1508 2886 liberatum,
1540 2834 1725 2889 dataque
1755 2835 1802 2877 in
1831 2835 2151 2877 matrimonium
2182 2835 2294 2878 Con-

856 2892 1046 2934 stantina
1075 2905 1236 2944 sorore,
1267 2893 1376 2935 Idib.
1398 2893 1521 2935 Mart.
1547 2893 1819 2935 Constantium
1844 2893 2074 2936 Caesarem
2105 2894 2295 2936 declarat

858 2952 902 2992 et
931 2950 1097 2992 Orienti
1126 2950 1334 3005 praeficit.
1395 2951 1496 3007 Ipse
1527 2951 1647 3007 Sept.
1670 2951 1740 2995 28.
1772 2965 1870 2995 cum
1901 2953 2149 3008 Magnentio
2182 2952 2296 3008 apud

853 3008 1062 3060 Mursam,
1093 3009 1244 3051 urbem
1273 3009 1490 3052 inferioris
1520 3010 1769 3053 Pannoniae
1801 3011 1950 3062 (hodie
1981 3011 2162 3064 Essek),
2195 3024 2295 3054 con-

854 3066 1195 3175 iliggithepmque
1218 3069 1521 3111 cruentissimo
1543 3069 1708 3124 proelio
1739 3069 1854 3113 facto
1884 3074 2060 3126 superat
2091 3071 2292 3127 (Eutrop.

372 3180 458 3225 352
522 3181 634 3227 1105
698 3183 752 3226 16
815 3182 1071 3227 Constantio
1115 3183 1227 3241 Aug.
1259 3185 1300 3229 V
1339 3188 1383 3228 et
1431 3185 1686 3229 Constantio
1728 3186 1853 3230 Caes.
1898 3200 1986 3230 cos.
2020 3188 2293 3244 Magnentius

855 3243 986 3285 etiam
1016 3243 1163 3296 Italia,
1205 3244 1388 3300 proditis
1428 3245 1679 3300 praesidiis,
1721 3247 1964 3302 expellitur.
2027 3247 2192 3290 Seditio
2225 3248 2293 3290 Iu-

857 3301 1062 3344 daeorum
1093 3316 1118 3344 a
1150 3302 1276 3346 Gallo
1309 3304 1576 3359 opprimitur.

373 3355 459 3400 353
524 3357 638 3401 1106
687 3359 755 3414 ,17
819 3359 1073 3403 Constantio
1096 3360 1207 3417 Aug.
1219 3362 1282 3405 VI
1303 3364 1347 3405 et
1369 3362 1624 3406 Constantio
1648 3362 1827 3406 Caes.II
1849 3375 1937 3406 cos.
1988 3364 2130 3419 Magn.
2154 3364 2291 3406 denuo

858 3419 1000 3461 victus
1050 3433 1075 3461 a
1114 3419 1369 3464 Constantio
1421 3421 1536 3477 apud
1578 3421 1714 3477 Alpes
1763 3421 1929 3465 Cottias
1967 3421 2189 3477 Lugduni,
2238 3422 2291 3464 ab

857 3477 1055 3519 omnibus
1088 3477 1298 3532 desertus,
1333 3479 1468 3535 (Aug.
1493 3479 1579 3530 10.)
1611 3482 1750 3523 semet
1778 3481 1872 3535 ipse
1902 3479 2125 3522 interficit:
2158 3481 2292 3522 ceteri

857 3534 1111 3578 defectionis
1153 3538 1262 3579 socii
1301 3550 1450 3581 severe
1491 3539 1741 3593 puniuntur.
1803 3539 1910 3580 Post
1940 3550 2048 3592 quae
2081 3537 2290 3581 Constan-
