2392 4016
19 1850 27 1860 „
8 1709 29 1759 πμ-
0 1401 26 1697 νῆιν-βίης-.
13 1380 20 1388 ,.
6 1297 19 1307 ;
6 1276 9 1288 r
17 1251 18 1263 x

144 781 232 826 239

145 841 234 886 240

143 1016 228 1063 241

142 1375 229 1420 242

146 2381 232 2428 245

146 2560 234 2607 246

290 334 324 356 ιι.
344 335 375 356 c.
439 326 525 364 imp.

294 779 378 826 992
471 780 498 824 2

294 839 379 886 993
470 840 498 884 3

293 1017 380 1063 994
469 1018 499 1062 4

291 1373 382 1421 995-
468 1372 497 1419 5

289 1609 375 1656 996
469 1609 496 1654 6

320 1967 406 2013 997
470 1966 497 2011 7

324 2380 411 2427 998
471 2381 498 2425 2

579 180 630 216 ab
663 190 768 215 anno
801 189 841 226 p.
862 174 957 215 chr.
991 158 1235 225 monsque
1265 178 1319 216 ad
1351 188 1501 215 aunum
1535 175 1633 214 249.
1991 174 2069 219 171

596 371 835 414 transeunt.
898 369 1050 425 Neque
1087 367 1252 412 Romae
1290 368 1557 423 praetoriani
1601 369 1884 425 imperatores
1927 366 2013 410 sibi
2050 379 2078 409 a

597 431 751 474 senatu
789 428 1018 487 impositos
1059 425 1224 481 ferunt,
1266 437 1427 482 eosque
1458 426 1576 471 ludis
1608 426 1887 484 Capitolinis,
1926 437 2076 469 mense

595 487 729 541 Iulio,
767 488 934 545 impetu
970 486 1112 541 facto,
1159 483 1450 539 interficiunt,
1493 488 1538 531 et
1574 485 1639 529 M.
1672 487 1890 530 Antoniam
1932 484 2077 529 GOR-

595 547 863 591 DIANUM'
883 548 1017 601 Pium,
1049 558 1232 603 puerum
1265 543 1316 589 ll
1350 544 1421 589 vel
1453 543 1508 591 13
1539 544 1611 589 vel
1642 544 1695 589 16
1727 558 1937 588 annorum
1967 543 2075 596 (nat.

596 616 692 650 xnl
725 606 817 651 Gal.
836 605 984 659 Febr.)
1014 607 1115 661 quia
1144 621 1222 649 non
1252 613 1342 648 erae
1370 605 1480 649 alius
1509 605 1552 649 in
1575 606 1798 661 maenti,
1830 604 2077 662 Augustum

596 666 801 711 salutant.

657 724 924 770 Censorinus
953 722 1113 767 librum
1143 721 1198 766 de
1230 721 1300 766 die
1332 721 1467 766 natali
1497 721 1588 767 edit
1617 721 1695 775 (cf.
1730 734 1767 765 c.
1801 720 1890 772 21).

561 780 664 828 Cos.
695 784 804 841 Imp.
825 783 882 827 M.
902 781 1063 826 Anton.
1087 780 1350 834 Gordianus,
1380 776 1458 824 Μ’.
1481 779 1650 826 Acilius
1682 779 1852 825 Aviola.

561 839 662 888 Cos.
684 843 861 888 Vettius
894 841 1084 886 Sabinus
1107 840 1152 884 11
1183 842 1228 884 et
1246 837 1507 894 Venustus.)
1570 839 1833 885 Sabinianus
1863 841 1912 885 in
1929 838 2080 883 Africa

595 902 827 971 immrium
872 900 1087 958 capessit,
1139 899 1219 944 sed
1257 912 1283 942 a
1320 898 1604 944 Mauritaniae
1651 899 1852 957 praeside
1892 898 2080 943 vincitur

560 974 662 1067 Οἴαξ.
680 963 1059 1080 θῙἛὲωροτᾶίαηᾳ
1090 1017 1134 1062 11
1174 1019 1218 1063 et
1247 1017 1514 1087 Pompeiano
1547 1018 1690 1063 bellum
1712 1019 1922 1061 Persicum
1951 1018 2079 1062 vehe-

595 1081 784 1125 mentius
837 1079 1094 1124 renascitur.
1181 1076 1452 1131 Gordianus,
1506 1076 1598 1122 fflia
1650 1077 1699 1122 C.
1740 1077 1863 1123 Furii
1910 1077 2080 1122 Sabinii

594 1139 780 1197 Aquilae
816 1139 1055 1183 Tevnesitltei
1084 1137 1131 1181 in
1161 1137 1483 1181 matrimonium
1523 1137 1679 1189 ducta,
1713 1150 1937 1190 socerum,
1976 1136 2081 1181 belli

597 1200 805 1256 pacisque
843 1198 1008 1243 artibus
1048 1196 1236 1250 clarum,
1277 1198 1322 1241 et
1359 1196 1612 1250 cohortibus
1652 1199 1837 1254 praetor.
1869 1196 2080 1253 praeficit,

598 1261 643 1303 et
680 1259 774 1302 eius
814 1257 1012 1303 consiliis
1051 1257 1098 1300 in
1136 1256 1295 1300 ceteris
1342 1256 1450 1313 reip.
1489 1256 1686 1314 partibus
1725 1255 2079 1300 administrandis

595 1318 745 1362 utitur.

559 1373 661 1421 Cos.
695 1376 744 1421 C.
775 1374 930 1421 Asinio
970 1374 1251 1419 Praetextato
1283 1376 1328 1418 et
1359 1372 1409 1418 C.
1440 1374 1589 1419 Vettio
1620 1373 1791 1427 Attico,
1832 1373 2079 1418 Gordianus

595 1436 805 1480 adversus
837 1435 998 1479 Persas
1037 1446 1272 1490 regemque
1302 1433 1503 1489 Saporem
1517 1466 1528 1488 ‚
1565 1432 1825 1478 Artaxerxis
1863 1433 2002 1477 filium
2036 1435 2082 1476 et

596 1507 920 1546 successorem,
975 1492 1198 1551 profectus
1249 1493 1421 1548 hostes,
1469 1493 1737 1537 Temesithei
1781 1505 1913 1549 opera
1957 1504 2080 1545 usus,

597 1554 730 1608 Syria
760 1556 804 1598 et
833 1552 1148 1609 Mesopotamia
1179 1551 1374 1608 expellit.

559 1610 661 1658 Cos.
682 1613 734 1657 L.
754 1611 899 1657 Annio
919 1610 1105 1656 Arriano
1137 1613 1182 1655 et
1203 1609 1251 1656 C.
1277 1610 1492 1656 Cervonio
1513 1610 1647 1668 Papo,
1682 1610 1903 1655 Gordiano
1931 1611 2080 1655 trium-

593 1673 707 1730 phus
746 1673 793 1716 in
832 1671 1056 1729 quadrigis
1095 1670 1423 1727 elephantorum
1463 1669 1723 1715 decernitur.
1788 1669 1898 1715 Cum
1936 1672 2081 1713 autem

598 1731 903 1776 Temesitheus
934 1730 1214 1783 decessisset,
1243 1730 1479 1785 Philippus,
1510 1729 1682 1773 Bostris
1714 1743 1770 1773 ex
1789 1729 1951 1772 Arabia
1975 1729 2080 1772 Tra·

563 1846 565 1848 ‚
597 1791 817 1835 chonitide
848 1789 1080 1843 oriundus,
1117 1786 1252 1845 praef.
1283 1791 1419 1845 praet.
1451 1788 1524 1842 fit,
1555 1789 1632 1845 qui
1659 1801 1763 1832 mox
1791 1788 1938 1834 favore
1970 1788 2082 1834 mili-

595 1852 690 1894 tum
729 1851 893 1895 abusus
936 1848 1207 1892 adolescenti
1255 1848 1509 1905 imperatori
1555 1847 1727 1904 collega
1763 1850 1809 1891 et
1851 1850 1969 1892 tutor
2006 1847 2081 1892 ad-

598 1909 728 1953 ditur.

561 1966 662 2014 Cos.
688 1967 902 2026 Septimio
932 1966 1170 2023 Peregrino
1203 1967 1248 2010 et
1273 1965 1430 2011 Fulvio
1450 1963 1709 2017 Aemiliano,
1739 1978 1890 2010 mense
1910 1965 2080 2020 Martio,

595 2028 783 2072 eundem
828 2027 1106 2071 innocentem
1144 2025 1260 2083 apud
1309 2026 1501 2081 castrum
1540 2024 1782 2069 Circesium
1827 2026 1874 2068 in
1919 2024 2081 2069 finibus

594 2086 808 2143 Assyriae
840 2088 885 2131 et
915 2085 1129 2142 dignitate
1159 2087 1205 2129 et
1243 2084 1335 2128 vita
1363 2084 1519 2141 privat.
1581 2084 1645 2127 M.
1677 2085 1814 2127 Iulius
1843 2084 2080 2127 PHILIP-

594 2145 718 2189 PUS
745 2145 885 2190 filium
915 2143 1108 2202 appellat
1138 2142 1372 2188 Caesarem
1411 2156 1462 2187 ac
1500 2156 1610 2201 pace
1647 2143 1765 2187 facta
1802 2156 1901 2186 cum
1931 2144 2079 2187 Persis

596 2203 889 2258 Antiochiam,
921 2203 1022 2248 inde
1043 2203 1228 2247 Romam
1248 2203 1504 2247 revertiturz
1535 2215 1618 2246 nec
1648 2203 1742 2246 sine
1763 2202 1890 2246 laude
1910 2206 2080 2260 regnat,

597 2263 871 2309 Christianae
901 2262 1006 2307 fidei
1036 2261 1190 2316 cultor,
1223 2262 1262 2306 si
1282 2261 1478 2306 Zonaras
1501 2261 1678 2306 credere
1708 2262 1825 2305 licet.
1877 2262 2080 2315 Plotinae,

595 2321 818 2368 Ammonii
848 2322 1014 2369 Saccae
1046 2320 1173 2366 Alex.
1206 2321 1472 2379 discipulus,
1503 2321 1668 2365 Romae
1701 2321 1850 2364 sedem
1879 2321 2079 2365 collocat.

563 2381 663 2427 Cos.
695 2382 805 2439 Imp.
835 2381 901 2426 M..
921 2381 1061 2425 Iulius
1093 2380 1344 2439 Philippus,
1385 2379 1434 2424 C.
1465 2380 1628 2425 Masius
1667 2379 1885 2436 Aquillius
1916 2381 2080 2425 Fabius

600 2439 838 2494 Titianus.)
901 2439 1012 2485 Cum
1044 2438 1213 2496 Carpis,
1245 2439 1407 2497 populo
1440 2438 1665 2495 Scythico,
1697 2439 1807 2483 Phil.
1838 2443 2007 2497 pugnat
2035 2443 2082 2484 et

601 2500 827 2558 Carpicus,
858 2500 966 2543 item
997 2497 1283 2543 Germanicus
1316 2497 1573 2555 appellatur.

327 2560 414 2606 999
475 2557 504 2604 3
567 2558 667 2604 Cos.
701 2559 914 2611 Praesens
947 2560 992 2602 et
1016 2556 1236 2608 Albinus.)
1300 2556 1485 2600 Tascius
1509 2555 1769 2614 Cyprianus,
1799 2556 1947 2602 rhetor
1977 2555 2080 2603 Car-

594 2619 728 2675 thag.,
761 2617 1106 2662 Christianorum
1136 2629 1262 2661 sacra
1292 2615 1582 2673 amplectitur.

144 2678 231 2724 247
304 2678 420 2724 1000
480 2677 509 2721 4
572 2677 676 2722 Cos.
707 2677 815 2733 Imp.
846 2676 902 2720 M.
935 2675 1074 2720 Iulius
1115 2675 1342 2733 Philippus
1381 2674 1425 2719 11
1463 2687 1561 2720 cum
1600 2673 1691 2720 filio
1729 2674 1931 2732 Philippo
1973 2674 2080 2720 an-

601 2749 698 2781 sare
731 2735 898 2780 Paliliis
930 2733 1030 2787 (21.
1053 2733 1175 2792 Apr.)
1208 2734 1345 2780 filium
1378 2733 1570 2792 appellat
1587 2731 1836 2791 Augustum
1866 2736 1995 2790 atque
2026 2734 2080 2778 ab

598 2808 650 2840 eo
682 2794 752 2839 die
773 2806 913 2851 usque
944 2793 999 2839 ad
1019 2793 1143 2838 Palil.
1175 2794 1316 2851 inseq.
1349 2793 1451 2838 anni
1482 2793 1599 2838 ludos
1626 2794 1859 2837 saeculam
1890 2793 2082 2838 celebrat

596 2854 766 2912 ingenti
794 2855 1019 2911 apparatu.

150 2913 237 2960 248
300 2913 410 2959 1001
476 2911 503 2958 5
563 2912 702 2958 Iidem
743 2925 834 2958 cos.
864 2915 989 2970 pater
1018 2911 1105 2965 111,
1149 2910 1266 2956 filius
1305 2910 1390 2964 11.)
1450 2910 1767 2968 Philippopolis
1805 2911 1850 2954 in
1893 2910 2081 2955 Thracia

601 2972 893 3016 constituitur.
955 2970 1175 3015 Deficiunt
1204 2971 1402 3027 legiones
1433 2971 1479 3014 in
1507 2970 1686 3023 Moesia,
1717 2982 1827 3026 quae
1860 2970 1927 3015 Ti.
1951 2969 2078 3015 Clau·

599 3031 718 3075 dium
747 3031 958 3075 Marinum
988 3030 1270 3075 Pacatianum
1302 3030 1357 3074 ad
1387 3030 1614 3086 imperium
1645 3032 1816 3073 vocant.

148 3090 236 3135 249
304 3088 417 3135 1002
481 3089 509 3134 6
570 3088 672 3135 Cos.
694 3090 746 3135 L.
767 3090 923 3135 Fulvio
953 3089 1196 3135 Aemiliano
1229 3088 1270 3133 11
1302 3092 1347 3133 et
1375 3088 1426 3133 L.
1458 3087 1623 3133 Naevio
1643 3086 1851 3144 Aquilino
1871 3086 2081 3132 deficiunt

600 3149 733 3194 etiem
778 3149 999 3194 rovinciae
1019 3148 1227 3206 Syriacae
1249 3149 1637 3205 imperatoremque
1659 3150 1811 3192 creant
1829 3147 1883 3191 M.
1895 3147 2080 3203 Impia-

599 3223 704 3252 παπ.
770 3208 827 3252 ed
843 3208 1043 3253 celeriter
1063 3207 1407 3252 deiectoMarino
1422 3206 1467 3250 C.
1478 3207 1658 3250 Meuius
1670 3206 1950 3256 QUINTUS
1975 3206 2079 3251 Du·-

603 3269 724 3311 ianus
751 3267 1002 3321 DECIUS,
1033 3266 1241 3320 Bubalia,
1273 3266 1577 3311 Sirmiensium
1608 3266 1729 3319 vico,
1770 3279 1825 3309 ex
1857 3265 2081 3311 Pannonia

604 3326 807 3371 inferiore
828 3326 1053 3379 oriundus,
1075 3325 1323 3383 inquirendi
1342 3338 1477 3371 causa
1497 3340 1523 3369 a
1538 3324 1681 3381 Philip
1760 3325 1922 3369 missus
1943 3325 1997 3370 ab
2018 3324 2078 3369 le·

604 3385 807 3443 gionibus
818 3385 1023 3431 Moesicis
1038 3385 1202 3430 invitus
1223 3385 1326 3443 imp.
1339 3384 1651 3429 consalutatur.
1719 3384 1795 3428 hili
1827 3384 2078 3441 puslitteris

606 3445 701 3490 eius
731 3444 862 3490 fidem
892 3457 980 3489 non
1010 3444 1199 3498 habens,
1236 3444 1395 3502 quibus
1435 3456 1483 3488 se
1519 3443 1749 3500 imperium
1810 3443 2078 3500 epositurum

603 3503 858 3561 pollicetur,
903 3503 1031 3548 simul
1071 3517 1123 3548 ac
1162 3503 1342 3548 Romam
1381 3503 1593 3555 venisset,
1634 3515 1731 3547 cum
1769 3502 1967 3548 exercitu
2005 3515 2076 3548 oo-

603 3563 765 3617 currit,
805 3562 883 3607 sed
922 3562 1088 3621 proelio
1128 3562 1242 3621 apud
1274 3562 1489 3608 Veronam
1527 3562 1761 3608 commisso
1799 3562 1942 3607 victus
1978 3574 2077 3606 cum
