<?xml version="1.0" encoding="UTF-8"?>
<!DOCTYPE html PUBLIC "-//W3C//DTD XHTML 1.0 Transitional//EN"
    "http://www.w3.org/TR/xhtml1/DTD/xhtml1-transitional.dtd">
<html xmlns="http://www.w3.org/1999/xhtml" xml:lang="en" lang="en">
 <head>
  <title>
</title>
<meta http-equiv="Content-Type" content="text/html;charset=utf-8" />
  <meta name='ocr-system' content='tesseract 3.04.00' />
  <meta name='ocr-capabilities' content='ocr_page ocr_carea ocr_par ocr_line ocrx_word'/>
</head>
<body>
  <div class='ocr_page' id='page_1' title='image "annalesveterumre00zumpuoft_0187.png"; bbox 0 0 2392 4016; ppageno 0'>
   <div class='ocr_carea' id='block_1_1' title="bbox 0 0 66 3580">
    <p class='ocr_par' dir='ltr' id='par_1_1' title="bbox 0 0 66 3580">
     <span class='ocr_line' id='line_1_1' title="bbox 0 0 66 3580; baseline 0 0"><span class='ocrx_word' id='word_1_1' title='bbox 0 0 66 3580; x_wconf 95' lang='lat' dir='ltr'><strong> </strong></span> 
     </span>
    </p>
   </div>
   <div class='ocr_carea' id='block_1_2' title="bbox 11 3659 20 3704">
    <p class='ocr_par' dir='ltr' id='par_1_2' title="bbox 11 3659 20 3704">
     <span class='ocr_line' id='line_1_2' title="bbox 11 3659 20 3704; textangle 90"><span class='ocrx_word' id='word_1_2' title='bbox 11 3659 20 3704; x_wconf 57' lang='lat'><strong>-§</strong></span> 
     </span>
    </p>
   </div>
   <div class='ocr_carea' id='block_1_3' title="bbox 157 354 254 398">
    <p class='ocr_par' dir='ltr' id='par_1_3' title="bbox 157 354 254 398">
     <span class='ocr_line' id='line_1_3' title="bbox 157 354 254 398; baseline 0.021 -9"><span class='ocrx_word' id='word_1_3' title='bbox 157 363 197 398; x_wconf 77' lang='lat' dir='ltr'><strong>p.</strong></span> <span class='ocrx_word' id='word_1_4' title='bbox 210 354 254 391; x_wconf 85' lang='grc' dir='ltr'>Ο.</span> 
     </span>
    </p>
   </div>
   <div class='ocr_carea' id='block_1_4' title="bbox 173 519 230 563">
    <p class='ocr_par' dir='ltr' id='par_1_4' title="bbox 173 519 230 563">
     <span class='ocr_line' id='line_1_4' title="bbox 173 519 230 563; baseline 0 0"><span class='ocrx_word' id='word_1_5' title='bbox 173 519 230 563; x_wconf 92' lang='grc'><strong>99</strong></span> 
     </span>
    </p>
   </div>
   <div class='ocr_carea' id='block_1_5' title="bbox 17 773 232 859">
    <p class='ocr_par' dir='ltr' id='par_1_5' title="bbox 17 773 232 859">
     <span class='ocr_line' id='line_1_5' title="bbox 17 773 232 859; baseline 0.005 -1"><span class='ocrx_word' id='word_1_6' title='bbox 17 773 21 787; x_wconf 67' lang='lat'><strong><em>&gt;</em></strong></span> <span class='ocrx_word' id='word_1_7' title='bbox 146 814 232 859; x_wconf 90' lang='lat'><strong>100</strong></span> 
     </span>
    </p>
   </div>
   <div class='ocr_carea' id='block_1_6' title="bbox 9 1262 225 1362">
    <p class='ocr_par' dir='ltr' id='par_1_6' title="bbox 9 1256 225 1362">
     <span class='ocr_line' id='line_1_6' title="bbox 9 1262 225 1362; baseline 0 -30"><span class='ocrx_word' id='word_1_8' title='bbox 9 1262 21 1362; x_wconf 14' lang='lat'><strong>‘¹</strong></span> <span class='ocrx_word' id='word_1_9' title='bbox 80 1286 86 1290; x_wconf 80' lang='grc'><em>·</em></span> <span class='ocrx_word' id='word_1_10' title='bbox 145 1289 225 1333; x_wconf 90' lang='lat'><strong>101</strong></span> 
     </span>
    </p>
   </div>
   <div class='ocr_carea' id='block_1_7' title="bbox 142 1704 227 1750">
    <p class='ocr_par' dir='ltr' id='par_1_7' title="bbox 142 1704 227 1750">
     <span class='ocr_line' id='line_1_7' title="bbox 142 1704 227 1750; baseline 0.024 -2"><span class='ocrx_word' id='word_1_11' title='bbox 142 1704 227 1750; x_wconf 81' lang='lat'><strong>102</strong></span> 
     </span>
    </p>
   </div>
   <div class='ocr_carea' id='block_1_8' title="bbox 141 1882 226 1928">
    <p class='ocr_par' dir='ltr' id='par_1_8' title="bbox 141 1882 226 1928">
     <span class='ocr_line' id='line_1_8' title="bbox 141 1882 226 1928; baseline 0.024 -2"><span class='ocrx_word' id='word_1_12' title='bbox 141 1882 226 1928; x_wconf 88' lang='lat'><strong>103</strong></span> 
     </span>
    </p>
   </div>
   <div class='ocr_carea' id='block_1_9' title="bbox 145 2177 230 2225">
    <p class='ocr_par' dir='ltr' id='par_1_9' title="bbox 145 2177 230 2225">
     <span class='ocr_line' id='line_1_9' title="bbox 145 2177 230 2225; baseline 0.024 -2"><span class='ocrx_word' id='word_1_13' title='bbox 145 2177 230 2225; x_wconf 83' lang='lat'><strong>104</strong></span> 
     </span>
    </p>
   </div>
   <div class='ocr_carea' id='block_1_10' title="bbox 42 2356 227 2428">
    <p class='ocr_par' dir='ltr' id='par_1_10' title="bbox 42 2356 227 2428">
     <span class='ocr_line' id='line_1_10' title="bbox 42 2356 227 2428; baseline 0 -26"><span class='ocrx_word' id='word_1_14' title='bbox 42 2366 45 2374; x_wconf 61' lang='lat'><strong><em>¹</em></strong></span> <span class='ocrx_word' id='word_1_15' title='bbox 142 2356 227 2428; x_wconf 69' lang='lat'><strong>¹⁰5,</strong></span> 
     </span>
    </p>
   </div>
   <div class='ocr_carea' id='block_1_11' title="bbox 46 2652 226 2724">
    <p class='ocr_par' dir='ltr' id='par_1_11' title="bbox 46 2652 226 2724">
     <span class='ocr_line' id='line_1_11' title="bbox 46 2652 226 2724; baseline 0.011 -28"><span class='ocrx_word' id='word_1_16' title='bbox 46 2652 226 2724; x_wconf 33' lang='lat'>&#39;106</span> 
     </span>
    </p>
   </div>
   <div class='ocr_carea' id='block_1_12' title="bbox 141 2949 225 3028">
    <p class='ocr_par' dir='ltr' id='par_1_12' title="bbox 141 2949 225 3028">
     <span class='ocr_line' id='line_1_12' title="bbox 141 2949 225 3028; baseline 0.012 -35"><span class='ocrx_word' id='word_1_17' title='bbox 141 2949 225 3028; x_wconf 71' lang='grc'><strong>107</strong></span> 
     </span>
    </p>
   </div>
   <div class='ocr_carea' id='block_1_13' title="bbox 143 3361 230 3524">
    <p class='ocr_par' dir='ltr' id='par_1_13' title="bbox 143 3361 230 3524">
     <span class='ocr_line' id='line_1_13' title="bbox 145 3361 230 3406; baseline 0.012 -1"><span class='ocrx_word' id='word_1_18' title='bbox 145 3361 230 3406; x_wconf 87' lang='grc'><strong>108</strong></span> 
     </span>
     <span class='ocr_line' id='line_1_14' title="bbox 143 3478 227 3524; baseline 0 -1"><span class='ocrx_word' id='word_1_19' title='bbox 143 3478 227 3524; x_wconf 90' lang='grc'><strong>109</strong></span> 
     </span>
    </p>
   </div>
   <div class='ocr_carea' id='block_1_14' title="bbox 595 198 2077 257">
    <p class='ocr_par' dir='ltr' id='par_1_14' title="bbox 595 198 2077 257">
     <span class='ocr_line' id='line_1_15' title="bbox 595 198 2077 257; baseline 0.002 -11"><span class='ocrx_word' id='word_1_20' title='bbox 595 203 647 247; x_wconf 90' lang='lat' dir='ltr'><strong>ab</strong></span> <span class='ocrx_word' id='word_1_21' title='bbox 679 219 786 247; x_wconf 87' lang='lat' dir='ltr'><strong>anno</strong></span> <span class='ocrx_word' id='word_1_22' title='bbox 817 219 857 257; x_wconf 87' lang='lat' dir='ltr'><strong>p.</strong></span> <span class='ocrx_word' id='word_1_23' title='bbox 876 199 974 246; x_wconf 65' lang='grc' dir='ltr'>01η.</span> <span class='ocrx_word' id='word_1_24' title='bbox 1004 203 1060 247; x_wconf 71' lang='lat'><strong>98</strong></span> <span class='ocrx_word' id='word_1_25' title='bbox 1083 205 1224 256; x_wconf 77' lang='lat' dir='ltr'><strong>&#39;usque</strong></span> <span class='ocrx_word' id='word_1_26' title='bbox 1253 202 1306 246; x_wconf 77' lang='lat' dir='ltr'><strong>sd</strong></span> <span class='ocrx_word' id='word_1_27' title='bbox 1337 219 1489 246; x_wconf 83' lang='lat' dir='ltr'><strong>annum</strong></span> <span class='ocrx_word' id='word_1_28' title='bbox 1525 202 1622 247; x_wconf 79' lang='lat'><strong>109.</strong></span> <span class='ocrx_word' id='word_1_29' title='bbox 1995 198 2077 251; x_wconf 81' lang='grc'><strong>157</strong></span> 
     </span>
    </p>
   </div>
   <div class='ocr_carea' id='block_1_15' title="bbox 298 355 506 397">
    <p class='ocr_par' dir='ltr' id='par_1_15' title="bbox 298 355 506 397">
     <span class='ocr_line' id='line_1_16' title="bbox 298 355 506 397; baseline 0 -9"><span class='ocrx_word' id='word_1_30' title='bbox 298 364 373 391; x_wconf 70' lang='lat' dir='ltr'><strong>me.</strong></span> <span class='ocrx_word' id='word_1_31' title='bbox 417 355 506 397; x_wconf 76' lang='lat' dir='ltr'><strong>imp.</strong></span> 
     </span>
    </p>
   </div>
   <div class='ocr_carea' id='block_1_16' title="bbox 292 518 378 564">
    <p class='ocr_par' dir='ltr' id='par_1_16' title="bbox 292 518 378 564">
     <span class='ocr_line' id='line_1_17' title="bbox 292 518 378 564; baseline 0 -1"><span class='ocrx_word' id='word_1_32' title='bbox 292 518 378 564; x_wconf 83' lang='grc'><strong>852</strong></span> 
     </span>
    </p>
   </div>
   <div class='ocr_carea' id='block_1_17' title="bbox 291 813 483 878">
    <p class='ocr_par' dir='ltr' id='par_1_17' title="bbox 291 813 483 878">
     <span class='ocr_line' id='line_1_18' title="bbox 291 813 483 878; baseline 0 -19"><span class='ocrx_word' id='word_1_33' title='bbox 291 813 397 878; x_wconf 76' lang='lat'>853-</span> <span class='ocrx_word' id='word_1_34' title='bbox 454 813 483 859; x_wconf 83' lang='grc'>8</span> 
     </span>
    </p>
   </div>
   <div class='ocr_carea' id='block_1_18' title="bbox 291 1287 378 1359">
    <p class='ocr_par' dir='ltr' id='par_1_18' title="bbox 291 1287 378 1359">
     <span class='ocr_line' id='line_1_19' title="bbox 291 1287 378 1359; baseline -0.011 -26"><span class='ocrx_word' id='word_1_35' title='bbox 291 1287 378 1359; x_wconf 79' lang='grc'><strong>854</strong></span> 
     </span>
    </p>
   </div>
   <div class='ocr_carea' id='block_1_19' title="bbox 288 1703 376 1749">
    <p class='ocr_par' dir='ltr' id='par_1_19' title="bbox 288 1703 376 1749">
     <span class='ocr_line' id='line_1_20' title="bbox 288 1703 376 1749; baseline 0 -1"><span class='ocrx_word' id='word_1_36' title='bbox 288 1703 376 1749; x_wconf 84' lang='grc'><strong>855</strong></span> 
     </span>
    </p>
   </div>
   <div class='ocr_carea' id='block_1_20' title="bbox 287 1845 374 1927">
    <p class='ocr_par' dir='ltr' id='par_1_20' title="bbox 287 1845 374 1927">
     <span class='ocr_line' id='line_1_21' title="bbox 287 1845 374 1927; baseline 0 -1"><span class='ocrx_word' id='word_1_37' title='bbox 287 1845 374 1927; x_wconf 78' lang='grc'><strong>856</strong></span> 
     </span>
    </p>
   </div>
   <div class='ocr_carea' id='block_1_21' title="bbox 292 2138 378 2222">
    <p class='ocr_par' dir='ltr' id='par_1_21' title="bbox 292 2138 378 2222">
     <span class='ocr_line' id='line_1_22' title="bbox 292 2138 378 2222; baseline 0 0"><span class='ocrx_word' id='word_1_38' title='bbox 292 2138 378 2222; x_wconf 67' lang='grc'><strong>857</strong></span> 
     </span>
    </p>
   </div>
   <div class='ocr_carea' id='block_1_22' title="bbox 288 2356 376 2401">
    <p class='ocr_par' dir='ltr' id='par_1_22' title="bbox 288 2356 376 2401">
     <span class='ocr_line' id='line_1_23' title="bbox 288 2356 376 2401; baseline 0 0"><span class='ocrx_word' id='word_1_39' title='bbox 288 2356 376 2401; x_wconf 83' lang='grc'><strong>858</strong></span> 
     </span>
    </p>
   </div>
   <div class='ocr_carea' id='block_1_23' title="bbox 287 2651 373 2719">
    <p class='ocr_par' dir='ltr' id='par_1_23' title="bbox 287 2651 373 2719">
     <span class='ocr_line' id='line_1_24' title="bbox 287 2651 373 2719; baseline 0.023 -22"><span class='ocrx_word' id='word_1_40' title='bbox 287 2651 373 2719; x_wconf 73' lang='grc'><strong>858</strong></span> 
     </span>
    </p>
   </div>
   <div class='ocr_carea' id='block_1_24' title="bbox 286 2949 376 2995">
    <p class='ocr_par' dir='ltr' id='par_1_24' title="bbox 286 2949 376 2995">
     <span class='ocr_line' id='line_1_25' title="bbox 286 2949 376 2995; baseline -0.011 0"><span class='ocrx_word' id='word_1_41' title='bbox 286 2949 376 2995; x_wconf 84' lang='grc'><strong>860</strong></span> 
     </span>
    </p>
   </div>
   <div class='ocr_carea' id='block_1_25' title="bbox 288 3360 376 3524">
    <p class='ocr_par' dir='ltr' id='par_1_25' title="bbox 288 3360 376 3524">
     <span class='ocr_line' id='line_1_26' title="bbox 290 3360 374 3406; baseline 0 0"><span class='ocrx_word' id='word_1_42' title='bbox 290 3360 374 3406; x_wconf 88' lang='grc'><strong>861</strong></span> 
     </span>
     <span class='ocr_line' id='line_1_27' title="bbox 288 3478 376 3524; baseline 0 0"><span class='ocrx_word' id='word_1_43' title='bbox 288 3478 376 3524; x_wconf 83' lang='grc'><strong>862</strong></span> 
     </span>
    </p>
   </div>
   <div class='ocr_carea' id='block_1_26' title="bbox 438 397 2083 3658">
    <p class='ocr_par' dir='ltr' id='par_1_26' title="bbox 575 397 2080 502">
     <span class='ocr_line' id='line_1_28' title="bbox 597 397 2080 502; baseline 0.001 -60.971"><span class='ocrx_word' id='word_1_44' title='bbox 597 397 713 502; x_wconf 43' lang='lat' dir='ltr'><strong>malm</strong></span> <span class='ocrx_word' id='word_1_45' title='bbox 742 399 870 456; x_wconf 79' lang='lat' dir='ltr'><strong>regit.</strong></span> <span class='ocrx_word' id='word_1_46' title='bbox 932 399 1376 457; x_wconf 77' lang='lat' dir='ltr'><strong>Romam-regressus</strong></span> <span class='ocrx_word' id='word_1_47' title='bbox 1408 397 1624 443; x_wconf 82' lang='lat' dir='ltr'><strong>Traianus</strong></span> <span class='ocrx_word' id='word_1_48' title='bbox 1654 402 1779 455; x_wconf 87' lang='lat' dir='ltr'><strong>pater</strong></span> <span class='ocrx_word' id='word_1_49' title='bbox 1809 398 1974 456; x_wconf 79' lang='lat' dir='ltr'><strong>patriae</strong></span> <span class='ocrx_word' id='word_1_50' title='bbox 2005 410 2080 456; x_wconf 82' lang='lat' dir='ltr'><strong>sp-</strong></span> 
     </span>
    </p>

    <p class='ocr_par' dir='ltr' id='par_1_27' title="bbox 583 459 794 502">
     <span class='ocr_line' id='line_1_29' title="bbox 583 459 794 502; baseline 0 -1"><span class='ocrx_word' id='word_1_51' title='bbox 583 479 585 482; x_wconf 51' lang='grc'><strong>&lt;</strong></span> <span class='ocrx_word' id='word_1_52' title='bbox 625 469 650 501; x_wconf 86' lang='lat' dir='ltr'><strong>e</strong></span> <span class='ocrx_word' id='word_1_53' title='bbox 684 459 794 502; x_wconf 88' lang='lat' dir='ltr'><strong>atur.</strong></span> 
     </span>
    </p>

    <p class='ocr_par' dir='ltr' id='par_1_28' title="bbox 454 471 2081 765">
     <span class='ocr_line' id='line_1_30' title="bbox 454 471 2079 571; baseline -0.001 -8"><span class='ocrx_word' id='word_1_54' title='bbox 454 517 483 563; x_wconf 78' lang='grc'><strong>2</strong></span> <span class='ocrx_word' id='word_1_55' title='bbox 561 471 669 563; x_wconf 58' lang='lat' dir='ltr'><strong>Opes.</strong></span> <span class='ocrx_word' id='word_1_56' title='bbox 701 516 745 560; x_wconf 86' lang='lat' dir='ltr'><strong>C.</strong></span> <span class='ocrx_word' id='word_1_57' title='bbox 777 517 899 561; x_wconf 71' lang='lat' dir='ltr'><strong>Sosio</strong></span> <span class='ocrx_word' id='word_1_58' title='bbox 929 517 1172 571; x_wconf 75' lang='lat' dir='ltr'><strong>Senecione,</strong></span> <span class='ocrx_word' id='word_1_59' title='bbox 1202 517 1256 561; x_wconf 77' lang='lat' dir='ltr'><strong>A.</strong></span> <span class='ocrx_word' id='word_1_60' title='bbox 1294 516 1481 561; x_wconf 74' lang='lat' dir='ltr'><strong>Cornelio</strong></span> <span class='ocrx_word' id='word_1_61' title='bbox 1510 516 1682 569; x_wconf 78' lang='lat' dir='ltr'><strong>Palma,</strong></span> <span class='ocrx_word' id='word_1_62' title='bbox 1725 516 2079 562; x_wconf 75' lang='lat' dir='ltr'><strong>familiarissimis</strong></span> 
     </span>
     <span class='ocr_line' id='line_1_31' title="bbox 599 575 2079 634; baseline 0.001 -15"><span class='ocrx_word' id='word_1_63' title='bbox 599 577 785 634; x_wconf 81' lang='lat' dir='ltr'><strong>principi</strong></span> <span class='ocrx_word' id='word_1_64' title='bbox 817 575 943 630; x_wconf 83' lang='lat' dir='ltr'><strong>(suff.</strong></span> <span class='ocrx_word' id='word_1_65' title='bbox 974 576 1066 622; x_wconf 82' lang='lat' dir='ltr'><strong>Cal.</strong></span> <span class='ocrx_word' id='word_1_66' title='bbox 1090 576 1200 621; x_wconf 83' lang='lat' dir='ltr'><strong>Nov.</strong></span> <span class='ocrx_word' id='word_1_67' title='bbox 1222 576 1274 621; x_wconf 91' lang='lat' dir='ltr'><strong>T.</strong></span> <span class='ocrx_word' id='word_1_68' title='bbox 1297 576 1435 620; x_wconf 89' lang='lat' dir='ltr'><strong>Iulius</strong></span> <span class='ocrx_word' id='word_1_69' title='bbox 1456 575 1624 628; x_wconf 80' lang='lat' dir='ltr'><strong>Ferox)</strong></span> <span class='ocrx_word' id='word_1_70' title='bbox 1659 576 1875 620; x_wconf 86' lang='lat' dir='ltr'><strong>Traianus</strong></span> <span class='ocrx_word' id='word_1_71' title='bbox 1898 577 2079 620; x_wconf 83' lang='lat' dir='ltr'><strong>Romam</strong></span> 
     </span>
     <span class='ocr_line' id='line_1_32' title="bbox 596 634 2081 694; baseline -0.001 -15"><span class='ocrx_word' id='word_1_72' title='bbox 596 636 735 689; x_wconf 78' lang='lat' dir='ltr'><strong>venit,</strong></span> <span class='ocrx_word' id='word_1_73' title='bbox 774 636 934 693; x_wconf 91' lang='lat' dir='ltr'><strong>populo</strong></span> <span class='ocrx_word' id='word_1_74' title='bbox 964 636 1234 693; x_wconf 77' lang='lat' dir='ltr'><strong>congiarium</strong></span> <span class='ocrx_word' id='word_1_75' title='bbox 1264 635 1579 694; x_wconf 80' lang='lat' dir='ltr'><strong>benignissime</strong></span> <span class='ocrx_word' id='word_1_76' title='bbox 1610 634 1706 688; x_wconf 87' lang='lat' dir='ltr'><strong>dat,</strong></span> <span class='ocrx_word' id='word_1_77' title='bbox 1737 637 1931 679; x_wconf 56' lang='lat' dir='ltr'><strong>alimenta</strong></span> <span class='ocrx_word' id='word_1_78' title='bbox 1969 638 2081 692; x_wconf 61' lang='lat' dir='ltr'><strong>{nye-</strong></span> 
     </span>
     <span class='ocr_line' id='line_1_33' title="bbox 596 695 2080 765; baseline 0.001 -27"><span class='ocrx_word' id='word_1_79' title='bbox 596 711 762 738; x_wconf 79' lang='lat' dir='ltr'><strong>naorum</strong></span> <span class='ocrx_word' id='word_1_80' title='bbox 782 706 1013 752; x_wconf 85' lang='lat' dir='ltr'><strong>puerorum</strong></span> <span class='ocrx_word' id='word_1_81' title='bbox 1034 695 1361 752; x_wconf 78' lang='lat' dir='ltr'><strong>puellarumque</strong></span> <span class='ocrx_word' id='word_1_82' title='bbox 1381 695 1587 765; x_wconf 71' lang='lat' dir='ltr'><strong>instituit,</strong></span> <span class='ocrx_word' id='word_1_83' title='bbox 1618 695 1777 739; x_wconf 86' lang='lat' dir='ltr'><strong>ceteris</strong></span> <span class='ocrx_word' id='word_1_84' title='bbox 1799 695 1930 738; x_wconf 88' lang='lat' dir='ltr'><strong>etiam</strong></span> <span class='ocrx_word' id='word_1_85' title='bbox 1951 695 2080 739; x_wconf 90' lang='lat' dir='ltr'><strong>rebus</strong></span> 
     </span>
    </p>

    <p class='ocr_par' dir='ltr' id='par_1_29' title="bbox 560 754 2082 1108">
     <span class='ocr_line' id='line_1_34' title="bbox 560 754 2077 871; baseline 0 -14"><span class='ocrx_word' id='word_1_86' title='bbox 560 757 808 871; x_wconf 56' lang='lat'><strong>0330333?</strong></span> <span class='ocrx_word' id='word_1_87' title='bbox 838 754 1373 865; x_wconf 51' lang='grc' dir='ltr'><strong>ῗὲῗῖἒῖἓὲἒῑὲῗέἒωῗῖῗ,</strong></span> <span class='ocrx_word' id='word_1_88' title='bbox 1387 766 1709 858; x_wconf 53' lang='grc' dir='ltr'><strong>Ρὲἓέἶρῗὲἷὴῗξ</strong></span> <span class='ocrx_word' id='word_1_89' title='bbox 1739 757 1980 857; x_wconf 47' lang='grc' dir='ltr'><strong>’ἐὶῖῗὲῗῲ</strong></span> <span class='ocrx_word' id='word_1_90' title='bbox 2014 812 2077 857; x_wconf 90' lang='lat'><strong>111</strong></span> 
     </span>
     <span class='ocr_line' id='line_1_35' title="bbox 595 871 2078 930; baseline -0.001 -14"><span class='ocrx_word' id='word_1_91' title='bbox 595 871 720 925; x_wconf 80' lang='lat' dir='ltr'><strong>(suff.</strong></span> <span class='ocrx_word' id='word_1_92' title='bbox 743 872 793 916; x_wconf 92' lang='lat' dir='ltr'><strong>L.</strong></span> <span class='ocrx_word' id='word_1_93' title='bbox 815 873 1004 916; x_wconf 83' lang='lat' dir='ltr'><strong>Roscius</strong></span> <span class='ocrx_word' id='word_1_94' title='bbox 1025 871 1235 916; x_wconf 86' lang='lat' dir='ltr'><strong>Aelianus</strong></span> <span class='ocrx_word' id='word_1_95' title='bbox 1257 873 1450 917; x_wconf 88' lang='lat' dir='ltr'><strong>Maecius</strong></span> <span class='ocrx_word' id='word_1_96' title='bbox 1474 871 1632 925; x_wconf 84' lang='lat' dir='ltr'><strong>Celer.)</strong></span> <span class='ocrx_word' id='word_1_97' title='bbox 1665 873 1720 916; x_wconf 91' lang='lat' dir='ltr'><strong>M.</strong></span> <span class='ocrx_word' id='word_1_98' title='bbox 1743 873 1921 917; x_wconf 84' lang='lat' dir='ltr'><strong>Priscus</strong></span> <span class='ocrx_word' id='word_1_99' title='bbox 1944 877 2078 930; x_wconf 86' lang='lat' dir='ltr'><strong>repet.</strong></span> 
     </span>
     <span class='ocr_line' id='line_1_36' title="bbox 596 931 2080 989; baseline 0 -13"><span class='ocrx_word' id='word_1_100' title='bbox 596 945 652 976; x_wconf 88' lang='lat' dir='ltr'><strong>ex</strong></span> <span class='ocrx_word' id='word_1_101' title='bbox 681 931 831 975; x_wconf 85' lang='lat' dir='ltr'><strong>Africa</strong></span> <span class='ocrx_word' id='word_1_102' title='bbox 862 931 1090 975; x_wconf 88' lang='lat' dir='ltr'><strong>damnatus</strong></span> <span class='ocrx_word' id='word_1_103' title='bbox 1124 931 1265 980; x_wconf 86' lang='lat' dir='ltr'><strong>(Plin.</strong></span> <span class='ocrx_word' id='word_1_104' title='bbox 1298 945 1365 989; x_wconf 88' lang='lat' dir='ltr'><strong>ep.</strong></span> <span class='ocrx_word' id='word_1_105' title='bbox 1400 932 1449 985; x_wconf 79' lang='lat'><strong>2,</strong></span> <span class='ocrx_word' id='word_1_106' title='bbox 1485 931 1582 986; x_wconf 92' lang='grc'>11.)</span> <span class='ocrx_word' id='word_1_107' title='bbox 1649 931 1742 976; x_wconf 89' lang='lat' dir='ltr'><strong>Cal.</strong></span> <span class='ocrx_word' id='word_1_108' title='bbox 1775 932 1997 989; x_wconf 83' lang='lat' dir='ltr'><strong>Septemb.</strong></span> <span class='ocrx_word' id='word_1_109' title='bbox 2035 933 2080 976; x_wconf 79' lang='lat' dir='ltr'><strong>C.</strong></span> 
     </span>
     <span class='ocr_line' id='line_1_37' title="bbox 595 989 2082 1045; baseline 0.001 -11"><span class='ocrx_word' id='word_1_110' title='bbox 595 991 759 1034; x_wconf 63' lang='lat' dir='ltr'><strong>Hirtius</strong></span> <span class='ocrx_word' id='word_1_111' title='bbox 785 991 989 1035; x_wconf 76' lang='lat' dir='ltr'><strong>Caecilius</strong></span> <span class='ocrx_word' id='word_1_112' title='bbox 1009 991 1222 1035; x_wconf 75' lang='lat' dir='ltr'><strong>Secundae</strong></span> <span class='ocrx_word' id='word_1_113' title='bbox 1252 1004 1343 1035; x_wconf 91' lang='lat' dir='ltr'><strong>cos.</strong></span> <span class='ocrx_word' id='word_1_114' title='bbox 1376 991 1587 1036; x_wconf 81' lang='lat' dir='ltr'><strong>suffectus</strong></span> <span class='ocrx_word' id='word_1_115' title='bbox 1619 989 1750 1045; x_wconf 89' lang='lat' dir='ltr'><strong>(cum</strong></span> <span class='ocrx_word' id='word_1_116' title='bbox 1772 991 1821 1036; x_wconf 89' lang='grc'>0.</span> <span class='ocrx_word' id='word_1_117' title='bbox 1845 991 1955 1036; x_wconf 87' lang='lat' dir='ltr'><strong>Iulio</strong></span> <span class='ocrx_word' id='word_1_118' title='bbox 1977 991 2082 1036; x_wconf 87' lang='lat' dir='ltr'><strong>Cor·</strong></span> 
     </span>
     <span class='ocr_line' id='line_1_38' title="bbox 596 1050 2081 1108; baseline 0.001 -14"><span class='ocrx_word' id='word_1_119' title='bbox 596 1053 701 1095; x_wconf 88' lang='lat' dir='ltr'><strong>nuto</strong></span> <span class='ocrx_word' id='word_1_120' title='bbox 723 1050 937 1103; x_wconf 88' lang='lat' dir='ltr'><strong>Tertullo)</strong></span> <span class='ocrx_word' id='word_1_121' title='bbox 969 1051 1185 1095; x_wconf 79' lang='lat' dir='ltr'><strong>celebrem</strong></span> <span class='ocrx_word' id='word_1_122' title='bbox 1210 1051 1335 1095; x_wconf 74' lang='lat' dir='ltr'><strong>villam</strong></span> <span class='ocrx_word' id='word_1_123' title='bbox 1366 1052 1601 1108; x_wconf 77' lang='lat' dir='ltr'><strong>gratiarum</strong></span> <span class='ocrx_word' id='word_1_124' title='bbox 1619 1052 1838 1095; x_wconf 77' lang='lat' dir='ltr'><strong>actionem</strong></span> <span class='ocrx_word' id='word_1_125' title='bbox 1860 1052 1905 1095; x_wconf 90' lang='lat' dir='ltr'><strong>in</strong></span> <span class='ocrx_word' id='word_1_126' title='bbox 1926 1054 2081 1095; x_wconf 83' lang='lat' dir='ltr'><strong>senatu</strong></span> 
     </span>
    </p>

    <p class='ocr_par' dir='ltr' id='par_1_30' title="bbox 550 1109 2081 1227">
     <span class='ocr_line' id='line_1_39' title="bbox 550 1109 2081 1169; baseline 0.001 -16"><span class='ocrx_word' id='word_1_127' title='bbox 550 1122 553 1125; x_wconf 93' lang='grc'><strong><em>·</em></strong></span> <span class='ocrx_word' id='word_1_128' title='bbox 595 1110 740 1164; x_wconf 88' lang='lat' dir='ltr'><strong>habet,</strong></span> <span class='ocrx_word' id='word_1_129' title='bbox 772 1123 902 1167; x_wconf 88' lang='lat' dir='ltr'><strong>quam</strong></span> <span class='ocrx_word' id='word_1_130' title='bbox 933 1109 1241 1167; x_wconf 85' lang='lat' dir='ltr'><strong>amplificatam</strong></span> <span class='ocrx_word' id='word_1_131' title='bbox 1272 1110 1508 1169; x_wconf 79' lang='lat' dir='ltr'><strong>evulgavit,</strong></span> <span class='ocrx_word' id='word_1_132' title='bbox 1541 1123 1592 1154; x_wconf 91' lang='lat' dir='ltr'><strong>ac</strong></span> <span class='ocrx_word' id='word_1_133' title='bbox 1625 1123 1704 1155; x_wconf 91' lang='lat' dir='ltr'><strong>nos</strong></span> <span class='ocrx_word' id='word_1_134' title='bbox 1734 1111 1862 1155; x_wconf 91' lang='lat' dir='ltr'><strong>hodie</strong></span> <span class='ocrx_word' id='word_1_135' title='bbox 1892 1111 1974 1156; x_wconf 91' lang='lat' dir='ltr'><strong>sub</strong></span> <span class='ocrx_word' id='word_1_136' title='bbox 2007 1124 2081 1155; x_wconf 91' lang='lat' dir='ltr'><strong>no-</strong></span> 
     </span>
     <span class='ocr_line' id='line_1_40' title="bbox 597 1170 2081 1227; baseline 0.001 -15"><span class='ocrx_word' id='word_1_137' title='bbox 597 1170 712 1213; x_wconf 88' lang='lat' dir='ltr'><strong>mine</strong></span> <span class='ocrx_word' id='word_1_138' title='bbox 743 1170 1006 1227; x_wconf 82' lang='lat' dir='ltr'><strong>Panegyrici</strong></span> <span class='ocrx_word' id='word_1_139' title='bbox 1036 1170 1238 1227; x_wconf 88' lang='lat' dir='ltr'><strong>legimus.</strong></span> <span class='ocrx_word' id='word_1_140' title='bbox 1300 1170 1454 1215; x_wconf 84' lang='lat' dir='ltr'><strong>Circus</strong></span> <span class='ocrx_word' id='word_1_141' title='bbox 1487 1170 1702 1214; x_wconf 86' lang='lat' dir='ltr'><strong>maximus</strong></span> <span class='ocrx_word' id='word_1_142' title='bbox 1734 1171 1978 1215; x_wconf 85' lang='lat' dir='ltr'><strong>restituitur</strong></span> <span class='ocrx_word' id='word_1_143' title='bbox 2007 1184 2081 1214; x_wconf 91' lang='lat' dir='ltr'><strong>an-</strong></span> 
     </span>
    </p>

    <p class='ocr_par' dir='ltr' id='par_1_31' title="bbox 625 1232 1234 1273">
     <span class='ocr_line' id='line_1_41' title="bbox 625 1232 1234 1273; baseline 0.002 -1"><span class='ocrx_word' id='word_1_144' title='bbox 625 1232 721 1273; x_wconf 84' lang='lat' dir='ltr'><strong>etur</strong></span> <span class='ocrx_word' id='word_1_145' title='bbox 754 1242 820 1273; x_wconf 92' lang='lat' dir='ltr'><strong>ue.</strong></span> <span class='ocrx_word' id='word_1_146' title='bbox 1232 1233 1234 1235; x_wconf 82' lang='grc'><strong>’</strong></span> 
     </span>
    </p>

    <p class='ocr_par' dir='ltr' id='par_1_32' title="bbox 453 1242 2083 1701">
     <span class='ocr_line' id='line_1_42' title="bbox 453 1242 2080 1358; baseline 0 -26"><span class='ocrx_word' id='word_1_147' title='bbox 453 1287 482 1331; x_wconf 86' lang='grc'><strong>4</strong></span> <span class='ocrx_word' id='word_1_148' title='bbox 560 1242 661 1332; x_wconf 63' lang='grc' dir='ltr'>οΞ8.</span> <span class='ocrx_word' id='word_1_149' title='bbox 693 1242 802 1358; x_wconf 58' lang='lat' dir='ltr'><strong>Inlip.</strong></span> <span class='ocrx_word' id='word_1_150' title='bbox 834 1287 979 1332; x_wconf 83' lang='lat' dir='ltr'><strong>Nerva</strong></span> <span class='ocrx_word' id='word_1_151' title='bbox 1010 1288 1183 1332; x_wconf 89' lang='lat' dir='ltr'><strong>Traiau.</strong></span> <span class='ocrx_word' id='word_1_152' title='bbox 1215 1288 1292 1342; x_wconf 89' lang='lat' dir='ltr'><strong>IV,</strong></span> <span class='ocrx_word' id='word_1_153' title='bbox 1334 1287 1383 1342; x_wconf 94' lang='lat' dir='ltr'><strong>Q.</strong></span> <span class='ocrx_word' id='word_1_154' title='bbox 1416 1288 1684 1333; x_wconf 86' lang='lat' dir='ltr'><strong>Articuleius</strong></span> <span class='ocrx_word' id='word_1_155' title='bbox 1716 1286 1911 1343; x_wconf 88' lang='lat' dir='ltr'><strong>Paetus.)</strong></span> <span class='ocrx_word' id='word_1_156' title='bbox 1974 1288 2080 1332; x_wconf 88' lang='lat' dir='ltr'><strong>Tra·</strong></span> 
     </span>
     <span class='ocr_line' id='line_1_43' title="bbox 596 1347 2083 1405; baseline 0.001 -14"><span class='ocrx_word' id='word_1_157' title='bbox 596 1348 723 1391; x_wconf 88' lang='lat' dir='ltr'><strong>ianus</strong></span> <span class='ocrx_word' id='word_1_158' title='bbox 753 1361 839 1392; x_wconf 75' lang='lat' dir='ltr'><strong>lam</strong></span> <span class='ocrx_word' id='word_1_159' title='bbox 869 1347 1012 1404; x_wconf 89' lang='lat' dir='ltr'><strong>priore</strong></span> <span class='ocrx_word' id='word_1_160' title='bbox 1043 1361 1157 1392; x_wconf 91' lang='lat' dir='ltr'><strong>anno</strong></span> <span class='ocrx_word' id='word_1_161' title='bbox 1189 1351 1375 1392; x_wconf 88' lang='lat' dir='ltr'><strong>exeunte</strong></span> <span class='ocrx_word' id='word_1_162' title='bbox 1407 1349 1463 1392; x_wconf 88' lang='lat' dir='ltr'><strong>ad</strong></span> <span class='ocrx_word' id='word_1_163' title='bbox 1495 1358 1696 1391; x_wconf 63' lang='lat' dir='ltr'><strong>natam!</strong></span> <span class='ocrx_word' id='word_1_164' title='bbox 1730 1348 1951 1391; x_wconf 62' lang='lat' dir='ltr'><strong>Dacicus·</strong></span> <span class='ocrx_word' id='word_1_165' title='bbox 1984 1361 2083 1405; x_wconf 90' lang='lat' dir='ltr'><strong>pro·</strong></span> 
     </span>
     <span class='ocr_line' id='line_1_44' title="bbox 594 1406 2081 1464; baseline 0.001 -14"><span class='ocrx_word' id='word_1_166' title='bbox 594 1406 739 1451; x_wconf 86' lang='lat' dir='ltr'><strong>fectus</strong></span> <span class='ocrx_word' id='word_1_167' title='bbox 778 1407 961 1463; x_wconf 88' lang='lat' dir='ltr'><strong>(quibus</strong></span> <span class='ocrx_word' id='word_1_168' title='bbox 999 1408 1208 1451; x_wconf 84' lang='lat' dir='ltr'><strong>tributum</strong></span> <span class='ocrx_word' id='word_1_169' title='bbox 1228 1421 1274 1463; x_wconf 29' lang='lat' dir='ltr'><strong>,a</strong></span> <span class='ocrx_word' id='word_1_170' title='bbox 1311 1408 1473 1451; x_wconf 91' lang='lat' dir='ltr'><strong>Domit.</strong></span> <span class='ocrx_word' id='word_1_171' title='bbox 1513 1408 1662 1451; x_wconf 88' lang='lat' dir='ltr'><strong>datum</strong></span> <span class='ocrx_word' id='word_1_172' title='bbox 1702 1407 1927 1464; x_wconf 87' lang='lat' dir='ltr'><strong>negarat),</strong></span> <span class='ocrx_word' id='word_1_173' title='bbox 1967 1407 2081 1451; x_wconf 89' lang='lat' dir='ltr'><strong>Istro</strong></span> 
     </span>
     <span class='ocr_line' id='line_1_45' title="bbox 596 1466 2083 1524; baseline 0.001 -15"><span class='ocrx_word' id='word_1_174' title='bbox 596 1467 802 1520; x_wconf 90' lang='lat' dir='ltr'><strong>traiecto,</strong></span> <span class='ocrx_word' id='word_1_175' title='bbox 843 1466 899 1509; x_wconf 89' lang='lat' dir='ltr'><strong>ad</strong></span> <span class='ocrx_word' id='word_1_176' title='bbox 931 1466 1078 1523; x_wconf 91' lang='lat' dir='ltr'><strong>Tapus</strong></span> <span class='ocrx_word' id='word_1_177' title='bbox 1111 1467 1247 1510; x_wconf 88' lang='lat' dir='ltr'><strong>vincit</strong></span> <span class='ocrx_word' id='word_1_178' title='bbox 1285 1480 1336 1511; x_wconf 86' lang='lat' dir='ltr'><strong>ac</strong></span> <span class='ocrx_word' id='word_1_179' title='bbox 1369 1467 1577 1511; x_wconf 86' lang='lat' dir='ltr'><strong>Decebali</strong></span> <span class='ocrx_word' id='word_1_180' title='bbox 1614 1467 1780 1524; x_wconf 85' lang='lat' dir='ltr'><strong>regiam</strong></span> <span class='ocrx_word' id='word_1_181' title='bbox 1811 1467 2083 1523; x_wconf 86' lang='lat' dir='ltr'><strong>Zarmizege·</strong></span> 
     </span>
     <span class='ocr_line' id='line_1_46' title="bbox 595 1524 2082 1584; baseline 0 -15"><span class='ocrx_word' id='word_1_182' title='bbox 595 1525 768 1569; x_wconf 86' lang='lat' dir='ltr'><strong>thusam</strong></span> <span class='ocrx_word' id='word_1_183' title='bbox 798 1526 917 1582; x_wconf 85' lang='lat' dir='ltr'><strong>capit</strong></span> <span class='ocrx_word' id='word_1_184' title='bbox 947 1524 1091 1578; x_wconf 91' lang='lat' dir='ltr'><strong>(nunc</strong></span> <span class='ocrx_word' id='word_1_185' title='bbox 1120 1526 1265 1580; x_wconf 83' lang='lat' dir='ltr'><strong>vicum</strong></span> <span class='ocrx_word' id='word_1_186' title='bbox 1289 1525 1493 1583; x_wconf 84' lang='lat' dir='ltr'><strong>Varhely,</strong></span> <span class='ocrx_word' id='word_1_187' title='bbox 1532 1539 1667 1584; x_wconf 89' lang='lat' dir='ltr'><strong>prope</strong></span> <span class='ocrx_word' id='word_1_188' title='bbox 1698 1526 1881 1570; x_wconf 86' lang='lat' dir='ltr'><strong>ferream</strong></span> <span class='ocrx_word' id='word_1_189' title='bbox 1912 1530 2082 1583; x_wconf 89' lang='lat' dir='ltr'><strong>portam</strong></span> 
     </span>
     <span class='ocr_line' id='line_1_47' title="bbox 597 1582 2081 1640; baseline 0.001 -12"><span class='ocrx_word' id='word_1_190' title='bbox 597 1582 964 1638; x_wconf 79' lang='lat' dir='ltr'><strong>Transilvaniac).</strong></span> <span class='ocrx_word' id='word_1_191' title='bbox 1028 1584 1213 1629; x_wconf 88' lang='lat' dir='ltr'><strong>Curator</strong></span> <span class='ocrx_word' id='word_1_192' title='bbox 1234 1585 1437 1629; x_wconf 89' lang='lat' dir='ltr'><strong>Tiberius</strong></span> <span class='ocrx_word' id='word_1_193' title='bbox 1469 1589 1539 1630; x_wconf 86' lang='lat' dir='ltr'><strong>est</strong></span> <span class='ocrx_word' id='word_1_194' title='bbox 1569 1586 1637 1629; x_wconf 90' lang='lat' dir='ltr'><strong>Ti.</strong></span> <span class='ocrx_word' id='word_1_195' title='bbox 1659 1586 1798 1630; x_wconf 91' lang='lat' dir='ltr'><strong>Iulius</strong></span> <span class='ocrx_word' id='word_1_196' title='bbox 1820 1587 1978 1640; x_wconf 86' lang='lat' dir='ltr'><strong>Ferox,</strong></span> <span class='ocrx_word' id='word_1_197' title='bbox 2010 1587 2081 1629; x_wconf 89' lang='lat' dir='ltr'><strong>cui</strong></span> 
     </span>
     <span class='ocr_line' id='line_1_48' title="bbox 596 1643 1008 1701; baseline 0.002 -14"><span class='ocrx_word' id='word_1_198' title='bbox 596 1643 765 1701; x_wconf 86' lang='lat' dir='ltr'><strong>Plinius</strong></span> <span class='ocrx_word' id='word_1_199' title='bbox 787 1643 1008 1688; x_wconf 85' lang='lat' dir='ltr'><strong>succedit.</strong></span> 
     </span>
    </p>

    <p class='ocr_par' dir='ltr' id='par_1_33' title="bbox 452 1701 2081 1866">
     <span class='ocr_line' id='line_1_49' title="bbox 452 1701 2081 1762; baseline 0 -15"><span class='ocrx_word' id='word_1_200' title='bbox 452 1702 480 1747; x_wconf 84' lang='lat'>5</span> <span class='ocrx_word' id='word_1_201' title='bbox 556 1701 659 1747; x_wconf 83' lang='lat' dir='ltr'><strong>Cos.</strong></span> <span class='ocrx_word' id='word_1_202' title='bbox 683 1703 879 1748; x_wconf 84' lang='lat' dir='ltr'><strong>Senecio</strong></span> <span class='ocrx_word' id='word_1_203' title='bbox 900 1703 980 1757; x_wconf 91' lang='lat'><strong>111,</strong></span> <span class='ocrx_word' id='word_1_204' title='bbox 1011 1702 1061 1746; x_wconf 89' lang='lat' dir='ltr'><strong>L.</strong></span> <span class='ocrx_word' id='word_1_205' title='bbox 1082 1702 1279 1747; x_wconf 89' lang='lat' dir='ltr'><strong>Licinius</strong></span> <span class='ocrx_word' id='word_1_206' title='bbox 1301 1703 1414 1748; x_wconf 87' lang='lat' dir='ltr'><strong>Sura</strong></span> <span class='ocrx_word' id='word_1_207' title='bbox 1435 1704 1509 1756; x_wconf 91' lang='grc' dir='ltr'><strong>ΙΙ.)</strong></span> <span class='ocrx_word' id='word_1_208' title='bbox 1561 1704 1820 1757; x_wconf 89' lang='lat' dir='ltr'><strong>Decebalus,</strong></span> <span class='ocrx_word' id='word_1_209' title='bbox 1853 1704 1907 1748; x_wconf 91' lang='lat' dir='ltr'><strong>ad</strong></span> <span class='ocrx_word' id='word_1_210' title='bbox 1928 1717 2081 1762; x_wconf 85' lang='lat' dir='ltr'><strong>pacem</strong></span> 
     </span>
     <span class='ocr_line' id='line_1_50' title="bbox 596 1763 2080 1820; baseline 0.001 -14"><span class='ocrx_word' id='word_1_211' title='bbox 596 1763 828 1820; x_wconf 86' lang='lat' dir='ltr'><strong>petendam</strong></span> <span class='ocrx_word' id='word_1_212' title='bbox 858 1763 1052 1816; x_wconf 88' lang='lat' dir='ltr'><strong>adactus,</strong></span> <span class='ocrx_word' id='word_1_213' title='bbox 1084 1775 1287 1819; x_wconf 86' lang='lat' dir='ltr'><strong>agrorum</strong></span> <span class='ocrx_word' id='word_1_214' title='bbox 1316 1766 1441 1820; x_wconf 87' lang='lat' dir='ltr'><strong>parte</strong></span> <span class='ocrx_word' id='word_1_215' title='bbox 1462 1764 1683 1818; x_wconf 88' lang='lat' dir='ltr'><strong>multatur,</strong></span> <span class='ocrx_word' id='word_1_216' title='bbox 1716 1764 1932 1808; x_wconf 89' lang='lat' dir='ltr'><strong>Traianus</strong></span> <span class='ocrx_word' id='word_1_217' title='bbox 1954 1764 2080 1818; x_wconf 89' lang='lat' dir='ltr'><strong>redit,</strong></span> 
     </span>
     <span class='ocr_line' id='line_1_51' title="bbox 593 1822 1247 1866; baseline 0 -2"><span class='ocrx_word' id='word_1_218' title='bbox 593 1823 785 1866; x_wconf 75' lang='lat' dir='ltr'><strong>Dacicus·</strong></span> <span class='ocrx_word' id='word_1_219' title='bbox 811 1822 837 1865; x_wconf 85' lang='lat' dir='ltr'><strong>a</strong></span> <span class='ocrx_word' id='word_1_220' title='bbox 867 1824 1024 1866; x_wconf 88' lang='lat' dir='ltr'><strong>senatu</strong></span> <span class='ocrx_word' id='word_1_221' title='bbox 1054 1824 1247 1866; x_wconf 81' lang='lat' dir='ltr'><strong>vocatur.</strong></span> 
     </span>
    </p>

    <p class='ocr_par' dir='ltr' id='par_1_34' title="bbox 450 1880 2080 2176">
     <span class='ocr_line' id='line_1_52' title="bbox 450 1880 2078 1938; baseline 0.001 -13"><span class='ocrx_word' id='word_1_222' title='bbox 450 1881 478 1925; x_wconf 82' lang='lat'><strong>6</strong></span> <span class='ocrx_word' id='word_1_223' title='bbox 557 1880 659 1925; x_wconf 86' lang='lat' dir='ltr'><strong>Cos.</strong></span> <span class='ocrx_word' id='word_1_224' title='bbox 704 1881 900 1925; x_wconf 89' lang='lat' dir='ltr'><strong>Suranus</strong></span> <span class='ocrx_word' id='word_1_225' title='bbox 947 1884 991 1925; x_wconf 88' lang='lat' dir='ltr'><strong>et</strong></span> <span class='ocrx_word' id='word_1_226' title='bbox 1029 1880 1079 1924; x_wconf 93' lang='lat' dir='ltr'><strong>L.</strong></span> <span class='ocrx_word' id='word_1_227' title='bbox 1117 1880 1286 1938; x_wconf 88' lang='lat' dir='ltr'><strong>Appius</strong></span> <span class='ocrx_word' id='word_1_228' title='bbox 1332 1881 1548 1927; x_wconf 82' lang='lat' dir='ltr'><strong>Maximus</strong></span> <span class='ocrx_word' id='word_1_229' title='bbox 1598 1882 1829 1927; x_wconf 81' lang='lat' dir='ltr'><strong>Norbanus</strong></span> <span class='ocrx_word' id='word_1_230' title='bbox 1870 1883 1911 1926; x_wconf 90' lang='lat'><strong>11</strong></span> <span class='ocrx_word' id='word_1_231' title='bbox 1951 1882 2078 1936; x_wconf 80' lang='lat' dir='ltr'><strong>(suff.</strong></span> 
     </span>
     <span class='ocr_line' id='line_1_53' title="bbox 597 1939 2080 1996; baseline 0.001 -12"><span class='ocrx_word' id='word_1_232' title='bbox 597 1939 647 1984; x_wconf 93' lang='grc'>0.</span> <span class='ocrx_word' id='word_1_233' title='bbox 678 1941 881 1985; x_wconf 79' lang='lat' dir='ltr'><strong>Minicius</strong></span> <span class='ocrx_word' id='word_1_234' title='bbox 902 1940 1154 1994; x_wconf 87' lang='lat' dir='ltr'><strong>Fundanus,</strong></span> <span class='ocrx_word' id='word_1_235' title='bbox 1184 1940 1237 1984; x_wconf 90' lang='grc'>0.</span> <span class='ocrx_word' id='word_1_236' title='bbox 1260 1941 1520 1987; x_wconf 86' lang='lat' dir='ltr'><strong>Vettennius</strong></span> <span class='ocrx_word' id='word_1_237' title='bbox 1552 1942 1756 1996; x_wconf 85' lang='lat' dir='ltr'><strong>Severus,</strong></span> <span class='ocrx_word' id='word_1_238' title='bbox 1789 1946 1880 1986; x_wconf 91' lang='lat' dir='ltr'><strong>tum</strong></span> <span class='ocrx_word' id='word_1_239' title='bbox 1914 1942 1961 1986; x_wconf 89' lang='lat' dir='ltr'><strong>L.</strong></span> <span class='ocrx_word' id='word_1_240' title='bbox 1994 1942 2080 1986; x_wconf 89' lang='lat' dir='ltr'><strong>Ne·</strong></span> 
     </span>
     <span class='ocr_line' id='line_1_54' title="bbox 595 1999 2077 2059; baseline 0.001 -15"><span class='ocrx_word' id='word_1_241' title='bbox 595 2001 732 2044; x_wconf 87' lang='lat' dir='ltr'><strong>ratius</strong></span> <span class='ocrx_word' id='word_1_242' title='bbox 770 2000 1041 2054; x_wconf 78' lang='lat' dir='ltr'><strong>Marcellus).</strong></span> <span class='ocrx_word' id='word_1_243' title='bbox 1122 1999 1215 2045; x_wconf 87' lang='lat' dir='ltr'><strong>Cal.</strong></span> <span class='ocrx_word' id='word_1_244' title='bbox 1256 1999 1348 2044; x_wconf 91' lang='lat' dir='ltr'><strong>Ian.</strong></span> <span class='ocrx_word' id='word_1_245' title='bbox 1385 2002 1623 2059; x_wconf 81' lang='lat' dir='ltr'><strong>triumphat</strong></span> <span class='ocrx_word' id='word_1_246' title='bbox 1662 2002 1890 2046; x_wconf 87' lang='lat' dir='ltr'><strong>Traianus.</strong></span> <span class='ocrx_word' id='word_1_247' title='bbox 1959 2002 2077 2046; x_wconf 91' lang='lat' dir='ltr'><strong>Pons</strong></span> 
     </span>
     <span class='ocr_line' id='line_1_55' title="bbox 595 2059 2077 2119; baseline 0.002 -17"><span class='ocrx_word' id='word_1_248' title='bbox 595 2059 792 2116; x_wconf 88' lang='lat' dir='ltr'><strong>lapideus</strong></span> <span class='ocrx_word' id='word_1_249' title='bbox 823 2060 869 2104; x_wconf 92' lang='lat' dir='ltr'><strong>in</strong></span> <span class='ocrx_word' id='word_1_250' title='bbox 893 2060 1003 2104; x_wconf 88' lang='lat' dir='ltr'><strong>Istro</strong></span> <span class='ocrx_word' id='word_1_251' title='bbox 1036 2060 1194 2117; x_wconf 89' lang='lat' dir='ltr'><strong>(prope</strong></span> <span class='ocrx_word' id='word_1_252' title='bbox 1215 2059 1470 2104; x_wconf 86' lang='lat' dir='ltr'><strong>hodiernum</strong></span> <span class='ocrx_word' id='word_1_253' title='bbox 1501 2062 1707 2119; x_wconf 88' lang='lat' dir='ltr'><strong>oppidum</strong></span> <span class='ocrx_word' id='word_1_254' title='bbox 1729 2061 1968 2115; x_wconf 88' lang='lat' dir='ltr'><strong>Czernetz)</strong></span> <span class='ocrx_word' id='word_1_255' title='bbox 1999 2074 2077 2119; x_wconf 88' lang='lat' dir='ltr'><strong>per</strong></span> 
     </span>
     <span class='ocr_line' id='line_1_56' title="bbox 594 2117 1552 2176; baseline 0.003 -14"><span class='ocrx_word' id='word_1_256' title='bbox 594 2117 907 2176; x_wconf 87' lang='lat' dir='ltr'><strong>Apollodorum</strong></span> <span class='ocrx_word' id='word_1_257' title='bbox 938 2118 1255 2163; x_wconf 86' lang='lat' dir='ltr'><strong>Damascenum</strong></span> <span class='ocrx_word' id='word_1_258' title='bbox 1286 2119 1552 2165; x_wconf 87' lang='lat' dir='ltr'><strong>aedificatur.</strong></span> 
     </span>
    </p>

    <p class='ocr_par' dir='ltr' id='par_1_35' title="bbox 453 2175 2077 2357">
     <span class='ocr_line' id='line_1_57' title="bbox 453 2175 2075 2237; baseline 0.002 -16"><span class='ocrx_word' id='word_1_259' title='bbox 453 2177 483 2221; x_wconf 81' lang='lat'>7</span> <span class='ocrx_word' id='word_1_260' title='bbox 535 2176 664 2222; x_wconf 87' lang='lat' dir='ltr'><strong>Cos.</strong></span> <span class='ocrx_word' id='word_1_261' title='bbox 697 2178 806 2237; x_wconf 86' lang='lat' dir='ltr'><strong>Imp.</strong></span> <span class='ocrx_word' id='word_1_262' title='bbox 839 2178 1028 2222; x_wconf 86' lang='lat' dir='ltr'><strong>Traiano</strong></span> <span class='ocrx_word' id='word_1_263' title='bbox 1050 2178 1104 2231; x_wconf 91' lang='lat' dir='ltr'><strong>V,</strong></span> <span class='ocrx_word' id='word_1_264' title='bbox 1134 2175 1204 2222; x_wconf 86' lang='lat' dir='ltr'><strong>M’.</strong></span> <span class='ocrx_word' id='word_1_265' title='bbox 1236 2178 1424 2223; x_wconf 84' lang='lat' dir='ltr'><strong>Laberio</strong></span> <span class='ocrx_word' id='word_1_266' title='bbox 1453 2181 1643 2224; x_wconf 84' lang='lat' dir='ltr'><strong>Maximo</strong></span> <span class='ocrx_word' id='word_1_267' title='bbox 1675 2180 1798 2232; x_wconf 86' lang='lat' dir='ltr'><strong>(suff.</strong></span> <span class='ocrx_word' id='word_1_268' title='bbox 1831 2180 1881 2234; x_wconf 93' lang='lat' dir='ltr'><strong>Q.</strong></span> <span class='ocrx_word' id='word_1_269' title='bbox 1913 2180 2075 2225; x_wconf 90' lang='lat' dir='ltr'><strong>Glitius</strong></span> 
     </span>
     <span class='ocr_line' id='line_1_58' title="bbox 592 2237 2077 2297; baseline 0.002 -16"><span class='ocrx_word' id='word_1_270' title='bbox 592 2237 991 2295; x_wconf 81' lang='lat' dir='ltr'><strong>Atilius&#39;Agricola</strong></span> <span class='ocrx_word' id='word_1_271' title='bbox 1028 2237 1096 2289; x_wconf 93' lang='grc' dir='ltr'><strong>ΙΙ)</strong></span> <span class='ocrx_word' id='word_1_272' title='bbox 1135 2238 1245 2281; x_wconf 88' lang='lat' dir='ltr'><strong>Daci</strong></span> <span class='ocrx_word' id='word_1_273' title='bbox 1281 2238 1516 2293; x_wconf 89' lang='lat' dir='ltr'><strong>rebellant,</strong></span> <span class='ocrx_word' id='word_1_274' title='bbox 1550 2240 1903 2284; x_wconf 83' lang='lat' dir='ltr'><strong>Sauromatarum</strong></span> <span class='ocrx_word' id='word_1_275' title='bbox 1942 2240 2077 2297; x_wconf 86' lang='lat' dir='ltr'><strong>legati</strong></span> 
     </span>
     <span class='ocr_line' id='line_1_59' title="bbox 592 2296 2045 2357; baseline 0.002 -17"><span class='ocrx_word' id='word_1_276' title='bbox 592 2296 648 2340; x_wconf 88' lang='lat' dir='ltr'><strong>ad</strong></span> <span class='ocrx_word' id='word_1_277' title='bbox 679 2297 914 2341; x_wconf 87' lang='lat' dir='ltr'><strong>Traianum</strong></span> <span class='ocrx_word' id='word_1_278' title='bbox 945 2298 1138 2341; x_wconf 88' lang='lat' dir='ltr'><strong>veniunt.</strong></span> <span class='ocrx_word' id='word_1_279' title='bbox 1185 2297 1235 2341; x_wconf 90' lang='lat' dir='ltr'><strong>L.</strong></span> <span class='ocrx_word' id='word_1_280' title='bbox 1265 2297 1470 2343; x_wconf 86' lang='lat' dir='ltr'><strong>Neratius</strong></span> <span class='ocrx_word' id='word_1_281' title='bbox 1501 2299 1752 2343; x_wconf 88' lang='lat' dir='ltr'><strong>Britanniae</strong></span> <span class='ocrx_word' id='word_1_282' title='bbox 1783 2299 2045 2357; x_wconf 86' lang='lat' dir='ltr'><strong>praeficitur.</strong></span> 
     </span>
    </p>

    <p class='ocr_par' dir='ltr' id='par_1_36' title="bbox 453 2355 2077 2654">
     <span class='ocr_line' id='line_1_60' title="bbox 453 2355 2074 2412; baseline 0.001 -12"><span class='ocrx_word' id='word_1_283' title='bbox 453 2355 481 2400; x_wconf 92' lang='lat'>8</span> <span class='ocrx_word' id='word_1_284' title='bbox 557 2355 659 2401; x_wconf 85' lang='lat' dir='ltr'><strong>Cos.</strong></span> <span class='ocrx_word' id='word_1_285' title='bbox 693 2356 791 2400; x_wconf 87' lang='lat' dir='ltr'><strong>Tib.</strong></span> <span class='ocrx_word' id='word_1_286' title='bbox 823 2357 960 2400; x_wconf 89' lang='lat' dir='ltr'><strong>Iulius</strong></span> <span class='ocrx_word' id='word_1_287' title='bbox 993 2355 1214 2401; x_wconf 90' lang='lat' dir='ltr'><strong>Candidus</strong></span> <span class='ocrx_word' id='word_1_288' title='bbox 1246 2357 1303 2411; x_wconf 89' lang='lat'><strong>11,</strong></span> <span class='ocrx_word' id='word_1_289' title='bbox 1337 2358 1404 2401; x_wconf 91' lang='lat' dir='ltr'><strong>Ti.</strong></span> <span class='ocrx_word' id='word_1_290' title='bbox 1439 2359 1576 2403; x_wconf 90' lang='lat' dir='ltr'><strong>Iulius</strong></span> <span class='ocrx_word' id='word_1_291' title='bbox 1609 2359 1853 2412; x_wconf 88' lang='lat' dir='ltr'><strong>Quadratus</strong></span> <span class='ocrx_word' id='word_1_292' title='bbox 1877 2359 1918 2402; x_wconf 91' lang='lat' dir='ltr'><strong>II</strong></span> <span class='ocrx_word' id='word_1_293' title='bbox 1951 2358 2074 2411; x_wconf 83' lang='lat' dir='ltr'><strong>(suff.</strong></span> 
     </span>
     <span class='ocr_line' id='line_1_61' title="bbox 591 2415 2075 2475; baseline 0.001 -15"><span class='ocrx_word' id='word_1_294' title='bbox 591 2415 770 2460; x_wconf 84' lang='lat' dir='ltr'><strong>Caelius</strong></span> <span class='ocrx_word' id='word_1_295' title='bbox 798 2415 1044 2468; x_wconf 79' lang='lat' dir='ltr'><strong>Clemens.)</strong></span> <span class='ocrx_word' id='word_1_296' title='bbox 1074 2416 1216 2460; x_wconf 88' lang='lat' dir='ltr'><strong>Medio</strong></span> <span class='ocrx_word' id='word_1_297' title='bbox 1247 2429 1360 2460; x_wconf 91' lang='lat' dir='ltr'><strong>anno</strong></span> <span class='ocrx_word' id='word_1_298' title='bbox 1392 2418 1446 2462; x_wconf 89' lang='lat' dir='ltr'><strong>ab</strong></span> <span class='ocrx_word' id='word_1_299' title='bbox 1477 2419 1584 2462; x_wconf 90' lang='lat' dir='ltr'><strong>urbe</strong></span> <span class='ocrx_word' id='word_1_300' title='bbox 1614 2418 1836 2475; x_wconf 86' lang='lat' dir='ltr'><strong>profectus</strong></span> <span class='ocrx_word' id='word_1_301' title='bbox 1861 2419 2075 2462; x_wconf 88' lang='lat' dir='ltr'><strong>Traianus</strong></span> 
     </span>
     <span class='ocr_line' id='line_1_62' title="bbox 594 2475 2077 2535; baseline 0.001 -16"><span class='ocrx_word' id='word_1_302' title='bbox 594 2475 785 2532; x_wconf 89' lang='lat' dir='ltr'><strong>undique</strong></span> <span class='ocrx_word' id='word_1_303' title='bbox 808 2475 951 2520; x_wconf 90' lang='lat' dir='ltr'><strong>Dacos</strong></span> <span class='ocrx_word' id='word_1_304' title='bbox 981 2476 1153 2533; x_wconf 87' lang='lat' dir='ltr'><strong>premit,</strong></span> <span class='ocrx_word' id='word_1_305' title='bbox 1187 2488 1292 2520; x_wconf 90' lang='lat' dir='ltr'><strong>usus</strong></span> <span class='ocrx_word' id='word_1_306' title='bbox 1324 2477 1538 2535; x_wconf 89' lang='lat' dir='ltr'><strong>imprimis</strong></span> <span class='ocrx_word' id='word_1_307' title='bbox 1571 2489 1703 2534; x_wconf 87' lang='lat' dir='ltr'><strong>opera</strong></span> <span class='ocrx_word' id='word_1_308' title='bbox 1726 2478 1850 2521; x_wconf 75' lang='lat' dir='ltr'><strong>Lusii</strong></span> <span class='ocrx_word' id='word_1_309' title='bbox 1873 2477 2013 2528; x_wconf 76' lang='lat' dir='ltr'><strong>Quieti</strong></span> <span class='ocrx_word' id='word_1_310' title='bbox 2032 2482 2077 2522; x_wconf 89' lang='lat' dir='ltr'><strong>et</strong></span> 
     </span>
     <span class='ocr_line' id='line_1_63' title="bbox 593 2534 2076 2595; baseline 0.002 -17"><span class='ocrx_word' id='word_1_311' title='bbox 593 2546 696 2579; x_wconf 85' lang='lat' dir='ltr'><strong>vero</strong></span> <span class='ocrx_word' id='word_1_312' title='bbox 735 2535 868 2591; x_wconf 83' lang='lat' dir='ltr'><strong>etiam</strong></span> <span class='ocrx_word' id='word_1_313' title='bbox 898 2535 1124 2579; x_wconf 73' lang='lat' dir='ltr'><strong>Hadriani.</strong></span> <span class='ocrx_word' id='word_1_314' title='bbox 1193 2534 1439 2579; x_wconf 88' lang='lat' dir='ltr'><strong>Decebalus</strong></span> <span class='ocrx_word' id='word_1_315' title='bbox 1470 2536 1605 2593; x_wconf 83' lang='lat' dir='ltr'><strong>igitur</strong></span> <span class='ocrx_word' id='word_1_316' title='bbox 1642 2537 1698 2580; x_wconf 92' lang='lat' dir='ltr'><strong>ad</strong></span> <span class='ocrx_word' id='word_1_317' title='bbox 1727 2537 2076 2595; x_wconf 86' lang='lat' dir='ltr'><strong>desperationem</strong></span> 
     </span>
     <span class='ocr_line' id='line_1_64' title="bbox 592 2594 2074 2654; baseline 0.002 -17"><span class='ocrx_word' id='word_1_318' title='bbox 592 2594 774 2638; x_wconf 89' lang='lat' dir='ltr'><strong>adactus</strong></span> <span class='ocrx_word' id='word_1_319' title='bbox 795 2596 979 2638; x_wconf 90' lang='lat' dir='ltr'><strong>mortem</strong></span> <span class='ocrx_word' id='word_1_320' title='bbox 1001 2594 1086 2637; x_wconf 91' lang='lat' dir='ltr'><strong>sibi</strong></span> <span class='ocrx_word' id='word_1_321' title='bbox 1106 2594 1202 2650; x_wconf 90' lang='lat' dir='ltr'><strong>ipse</strong></span> <span class='ocrx_word' id='word_1_322' title='bbox 1223 2595 1475 2638; x_wconf 87' lang='lat' dir='ltr'><strong>consciscit.</strong></span> <span class='ocrx_word' id='word_1_323' title='bbox 1528 2595 1775 2640; x_wconf 84' lang='lat' dir='ltr'><strong>Hadrianus</strong></span> <span class='ocrx_word' id='word_1_324' title='bbox 1797 2597 1895 2640; x_wconf 91' lang='lat' dir='ltr'><strong>trib.</strong></span> <span class='ocrx_word' id='word_1_325' title='bbox 1918 2596 2074 2654; x_wconf 88' lang='lat' dir='ltr'><strong>plebis.</strong></span> 
     </span>
    </p>

    <p class='ocr_par' dir='ltr' id='par_1_37' title="bbox 452 2652 2076 2948">
     <span class='ocr_line' id='line_1_65' title="bbox 452 2652 2072 2708; baseline 0.002 -12"><span class='ocrx_word' id='word_1_326' title='bbox 452 2653 478 2696; x_wconf 88' lang='grc'>9</span> <span class='ocrx_word' id='word_1_327' title='bbox 558 2653 659 2698; x_wconf 86' lang='lat' dir='ltr'><strong>Cos.</strong></span> <span class='ocrx_word' id='word_1_328' title='bbox 691 2653 741 2696; x_wconf 93' lang='lat' dir='ltr'><strong>L.</strong></span> <span class='ocrx_word' id='word_1_329' title='bbox 775 2652 955 2697; x_wconf 84' lang='lat' dir='ltr'><strong>Ceionio</strong></span> <span class='ocrx_word' id='word_1_330' title='bbox 989 2652 1226 2697; x_wconf 89' lang='lat' dir='ltr'><strong>Commodo</strong></span> <span class='ocrx_word' id='word_1_331' title='bbox 1248 2653 1384 2707; x_wconf 89' lang='lat' dir='ltr'><strong>Vero,</strong></span> <span class='ocrx_word' id='word_1_332' title='bbox 1424 2654 1473 2698; x_wconf 89' lang='lat' dir='ltr'><strong>L.</strong></span> <span class='ocrx_word' id='word_1_333' title='bbox 1497 2654 1630 2700; x_wconf 91' lang='lat' dir='ltr'><strong>Tutio</strong></span> <span class='ocrx_word' id='word_1_334' title='bbox 1662 2655 1841 2700; x_wconf 85' lang='lat' dir='ltr'><strong>Cereale</strong></span> <span class='ocrx_word' id='word_1_335' title='bbox 1873 2655 1914 2699; x_wconf 93' lang='lat'><strong>11</strong></span> <span class='ocrx_word' id='word_1_336' title='bbox 1951 2655 2072 2708; x_wconf 79' lang='lat' dir='ltr'><strong>(suff.</strong></span> 
     </span>
     <span class='ocr_line' id='line_1_66' title="bbox 595 2711 2076 2771; baseline 0.002 -16"><span class='ocrx_word' id='word_1_337' title='bbox 595 2711 643 2756; x_wconf 83' lang='lat' dir='ltr'><strong>C.</strong></span> <span class='ocrx_word' id='word_1_338' title='bbox 677 2711 787 2756; x_wconf 89' lang='lat' dir='ltr'><strong>Iulio</strong></span> <span class='ocrx_word' id='word_1_339' title='bbox 825 2712 988 2767; x_wconf 82' lang='lat' dir='ltr'><strong>Basso,</strong></span> <span class='ocrx_word' id='word_1_340' title='bbox 1029 2711 1108 2757; x_wconf 85' lang='lat' dir='ltr'><strong>Gn.</strong></span> <span class='ocrx_word' id='word_1_341' title='bbox 1140 2712 1318 2757; x_wconf 83' lang='lat' dir='ltr'><strong>Afranio</strong></span> <span class='ocrx_word' id='word_1_342' title='bbox 1350 2713 1541 2766; x_wconf 80' lang='lat' dir='ltr'><strong>Dextro)</strong></span> <span class='ocrx_word' id='word_1_343' title='bbox 1580 2715 1723 2758; x_wconf 76' lang='lat' dir='ltr'><strong>Dacia</strong></span> <span class='ocrx_word' id='word_1_344' title='bbox 1764 2717 1804 2758; x_wconf 74' lang='lat' dir='ltr'><strong>in</strong></span> <span class='ocrx_word' id='word_1_345' title='bbox 1840 2717 2076 2771; x_wconf 72' lang='lat' dir='ltr'><strong>provinciae</strong></span> 
     </span>
     <span class='ocr_line' id='line_1_67' title="bbox 580 2770 2075 2831; baseline 0.003 -17"><span class='ocrx_word' id='word_1_346' title='bbox 580 2773 764 2828; x_wconf 80' lang='lat' dir='ltr'><strong>sormam</strong></span> <span class='ocrx_word' id='word_1_347' title='bbox 794 2773 1009 2828; x_wconf 74' lang='lat' dir='ltr'><strong>rediyitar,</strong></span> <span class='ocrx_word' id='word_1_348' title='bbox 1041 2770 1312 2829; x_wconf 88' lang='lat' dir='ltr'><strong>coloniisque</strong></span> <span class='ocrx_word' id='word_1_349' title='bbox 1333 2772 1522 2818; x_wconf 87' lang='lat' dir='ltr'><strong>conditis</strong></span> <span class='ocrx_word' id='word_1_350' title='bbox 1552 2773 1730 2831; x_wconf 79' lang='lat' dir='ltr'><strong>(Apulo,</strong></span> <span class='ocrx_word' id='word_1_351' title='bbox 1763 2774 1974 2829; x_wconf 86' lang='lat' dir='ltr'><strong>Tibisco),</strong></span> <span class='ocrx_word' id='word_1_352' title='bbox 2005 2774 2075 2818; x_wconf 85' lang='lat' dir='ltr'><strong>fir·</strong></span> 
     </span>
     <span class='ocr_line' id='line_1_68' title="bbox 593 2830 2074 2891; baseline 0.002 -16"><span class='ocrx_word' id='word_1_353' title='bbox 593 2833 747 2875; x_wconf 86' lang='lat' dir='ltr'><strong>matur.</strong></span> <span class='ocrx_word' id='word_1_354' title='bbox 778 2830 977 2875; x_wconf 87' lang='lat' dir='ltr'><strong>Alterum</strong></span> <span class='ocrx_word' id='word_1_355' title='bbox 998 2844 1054 2875; x_wconf 85' lang='lat' dir='ltr'><strong>ex</strong></span> <span class='ocrx_word' id='word_1_356' title='bbox 1070 2831 1207 2876; x_wconf 88' lang='lat' dir='ltr'><strong>Dacia</strong></span> <span class='ocrx_word' id='word_1_357' title='bbox 1221 2831 1484 2890; x_wconf 88' lang='lat' dir='ltr'><strong>triumphum</strong></span> <span class='ocrx_word' id='word_1_358' title='bbox 1500 2833 1593 2891; x_wconf 81' lang='lat' dir='ltr'><strong>agit</strong></span> <span class='ocrx_word' id='word_1_359' title='bbox 1608 2833 1823 2878; x_wconf 88' lang='lat' dir='ltr'><strong>Traianus</strong></span> <span class='ocrx_word' id='word_1_360' title='bbox 1841 2840 2074 2878; x_wconf 89' lang='lat' dir='ltr'><strong>auctumno</strong></span> 
     </span>
     <span class='ocr_line' id='line_1_69' title="bbox 593 2889 1119 2948; baseline 0.002 -15"><span class='ocrx_word' id='word_1_361' title='bbox 593 2891 638 2933; x_wconf 87' lang='lat' dir='ltr'><strong>et</strong></span> <span class='ocrx_word' id='word_1_362' title='bbox 667 2890 770 2947; x_wconf 90' lang='lat' dir='ltr'><strong>imp.</strong></span> <span class='ocrx_word' id='word_1_363' title='bbox 805 2899 834 2933; x_wconf 80' lang='lat' dir='ltr'>v</span> <span class='ocrx_word' id='word_1_364' title='bbox 865 2889 1119 2948; x_wconf 88' lang='lat' dir='ltr'><strong>appellatur.</strong></span> 
     </span>
    </p>

    <p class='ocr_par' dir='ltr' id='par_1_38' title="bbox 438 2947 2075 3348">
     <span class='ocr_line' id='line_1_70' title="bbox 438 2947 2074 3010; baseline 0.003 -18"><span class='ocrx_word' id='word_1_365' title='bbox 438 2949 494 2993; x_wconf 88' lang='lat'><strong>10</strong></span> <span class='ocrx_word' id='word_1_366' title='bbox 554 2947 656 2993; x_wconf 87' lang='lat' dir='ltr'><strong>Cos.</strong></span> <span class='ocrx_word' id='word_1_367' title='bbox 680 2947 728 2993; x_wconf 93' lang='grc'>0.</span> <span class='ocrx_word' id='word_1_368' title='bbox 751 2948 907 2994; x_wconf 82' lang='lat' dir='ltr'><strong>Sosius</strong></span> <span class='ocrx_word' id='word_1_369' title='bbox 929 2950 1116 2994; x_wconf 87' lang='lat' dir='ltr'><strong>Senecio</strong></span> <span class='ocrx_word' id='word_1_370' title='bbox 1137 2949 1179 2994; x_wconf 92' lang='lat'><strong>11</strong></span> <span class='ocrx_word' id='word_1_371' title='bbox 1210 2950 1456 3003; x_wconf 68' lang='lat' dir='ltr'><strong>(Plutarchi</strong></span> <span class='ocrx_word' id='word_1_372' title='bbox 1476 2950 1795 2997; x_wconf 86' lang='lat' dir='ltr'><strong>Chaeroneusis</strong></span> <span class='ocrx_word' id='word_1_373' title='bbox 1825 2952 2074 3010; x_wconf 87' lang='lat' dir='ltr'><strong>patronus),</strong></span> 
     </span>
     <span class='ocr_line' id='line_1_71' title="bbox 593 3006 2074 3065; baseline 0.003 -14"><span class='ocrx_word' id='word_1_374' title='bbox 593 3006 643 3051; x_wconf 92' lang='lat' dir='ltr'><strong>L.</strong></span> <span class='ocrx_word' id='word_1_375' title='bbox 675 3006 876 3053; x_wconf 87' lang='lat' dir='ltr'><strong>Licinius</strong></span> <span class='ocrx_word' id='word_1_376' title='bbox 908 3008 1021 3053; x_wconf 89' lang='lat' dir='ltr'><strong>Sura</strong></span> <span class='ocrx_word' id='word_1_377' title='bbox 1051 3009 1115 3054; x_wconf 91' lang='lat'><strong>111</strong></span> <span class='ocrx_word' id='word_1_378' title='bbox 1147 3009 1273 3062; x_wconf 76' lang='lat' dir='ltr'><strong>(suff.</strong></span> <span class='ocrx_word' id='word_1_379' title='bbox 1307 3009 1399 3054; x_wconf 87' lang='lat' dir='ltr'><strong>Cal.</strong></span> <span class='ocrx_word' id='word_1_380' title='bbox 1430 3010 1540 3055; x_wconf 91' lang='lat' dir='ltr'><strong>Mais</strong></span> <span class='ocrx_word' id='word_1_381' title='bbox 1573 3010 1620 3054; x_wconf 87' lang='lat'><strong>1..</strong></span> <span class='ocrx_word' id='word_1_382' title='bbox 1655 3011 1857 3055; x_wconf 88' lang='lat' dir='ltr'><strong>Minicius</strong></span> <span class='ocrx_word' id='word_1_383' title='bbox 1890 3011 2074 3065; x_wconf 79' lang='lat' dir='ltr'><strong>Natalis,</strong></span> 
     </span>
     <span class='ocr_line' id='line_1_72' title="bbox 595 3065 2074 3127; baseline 0.003 -16"><span class='ocrx_word' id='word_1_384' title='bbox 595 3066 645 3120; x_wconf 90' lang='lat' dir='ltr'><strong>Q.</strong></span> <span class='ocrx_word' id='word_1_385' title='bbox 666 3065 863 3112; x_wconf 81' lang='lat' dir='ltr'><strong>Licinius</strong></span> <span class='ocrx_word' id='word_1_386' title='bbox 895 3067 1100 3113; x_wconf 84' lang='lat' dir='ltr'><strong>Silvanus</strong></span> <span class='ocrx_word' id='word_1_387' title='bbox 1130 3067 1416 3123; x_wconf 87' lang='lat' dir='ltr'><strong>Granianus.)</strong></span> <span class='ocrx_word' id='word_1_388' title='bbox 1447 3068 1676 3114; x_wconf 84' lang='lat' dir='ltr'><strong>Cornelius</strong></span> <span class='ocrx_word' id='word_1_389' title='bbox 1709 3070 1871 3124; x_wconf 85' lang='lat' dir='ltr'><strong>Palma,</strong></span> <span class='ocrx_word' id='word_1_390' title='bbox 1904 3071 2074 3127; x_wconf 76' lang='lat' dir='ltr'><strong>legatus</strong></span> 
     </span>
     <span class='ocr_line' id='line_1_73' title="bbox 596 3125 2073 3188; baseline 0.003 -18"><span class='ocrx_word' id='word_1_391' title='bbox 596 3125 766 3183; x_wconf 77' lang='lat' dir='ltr'><strong>Syriae,</strong></span> <span class='ocrx_word' id='word_1_392' title='bbox 798 3126 1002 3171; x_wconf 84' lang='lat' dir='ltr'><strong>Arabiam</strong></span> <span class='ocrx_word' id='word_1_393' title='bbox 1033 3128 1258 3172; x_wconf 87' lang='lat' dir='ltr'><strong>Petraeam</strong></span> <span class='ocrx_word' id='word_1_394' title='bbox 1291 3128 1459 3181; x_wconf 85' lang='lat' dir='ltr'><strong>domat,</strong></span> <span class='ocrx_word' id='word_1_395' title='bbox 1502 3128 1615 3173; x_wconf 91' lang='lat' dir='ltr'><strong>unde</strong></span> <span class='ocrx_word' id='word_1_396' title='bbox 1648 3129 1862 3174; x_wconf 85' lang='lat' dir='ltr'><strong>Traianus</strong></span> <span class='ocrx_word' id='word_1_397' title='bbox 1894 3131 1995 3188; x_wconf 88' lang='lat' dir='ltr'><strong>imp.</strong></span> <span class='ocrx_word' id='word_1_398' title='bbox 2025 3140 2073 3173; x_wconf 73' lang='lat' dir='ltr'><strong>vt</strong></span> 
     </span>
     <span class='ocr_line' id='line_1_74' title="bbox 595 3184 2075 3246; baseline 0.003 -17"><span class='ocrx_word' id='word_1_399' title='bbox 595 3197 650 3242; x_wconf 88' lang='lat' dir='ltr'><strong>ap</strong></span> <span class='ocrx_word' id='word_1_400' title='bbox 707 3184 849 3230; x_wconf 79' lang='lat' dir='ltr'><strong>llatnr.</strong></span> <span class='ocrx_word' id='word_1_401' title='bbox 913 3186 1162 3231; x_wconf 82' lang='lat' dir='ltr'><strong>Hadrianus</strong></span> <span class='ocrx_word' id='word_1_402' title='bbox 1184 3190 1358 3243; x_wconf 86' lang='lat' dir='ltr'><strong>praetor</strong></span> <span class='ocrx_word' id='word_1_403' title='bbox 1387 3191 1457 3231; x_wconf 88' lang='lat' dir='ltr'><strong>est</strong></span> <span class='ocrx_word' id='word_1_404' title='bbox 1477 3190 1521 3231; x_wconf 86' lang='lat' dir='ltr'><strong>et</strong></span> <span class='ocrx_word' id='word_1_405' title='bbox 1551 3188 1680 3245; x_wconf 82' lang='lat' dir='ltr'><strong>paulo</strong></span> <span class='ocrx_word' id='word_1_406' title='bbox 1702 3193 1802 3246; x_wconf 89' lang='lat' dir='ltr'><strong>post</strong></span> <span class='ocrx_word' id='word_1_407' title='bbox 1824 3189 2075 3234; x_wconf 85' lang='lat' dir='ltr'><strong>Pannoniae</strong></span> 
     </span>
     <span class='ocr_line' id='line_1_75' title="bbox 593 3243 2074 3305; baseline 0.004 -18"><span class='ocrx_word' id='word_1_408' title='bbox 593 3244 638 3287; x_wconf 89' lang='lat' dir='ltr'><strong>in</strong></span> <span class='ocrx_word' id='word_1_409' title='bbox 656 3243 787 3289; x_wconf 86' lang='lat' dir='ltr'><strong>eriori</strong></span> <span class='ocrx_word' id='word_1_410' title='bbox 825 3244 996 3303; x_wconf 77' lang='lat' dir='ltr'><strong>legatus</strong></span> <span class='ocrx_word' id='word_1_411' title='bbox 1029 3245 1298 3303; x_wconf 80' lang='lat' dir='ltr'><strong>praeficitur3</strong></span> <span class='ocrx_word' id='word_1_412' title='bbox 1339 3258 1439 3291; x_wconf 80' lang='lat' dir='ltr'><strong>nam</strong></span> <span class='ocrx_word' id='word_1_413' title='bbox 1484 3246 1526 3291; x_wconf 86' lang='lat' dir='ltr'><strong>h.</strong></span> <span class='ocrx_word' id='word_1_414' title='bbox 1558 3260 1596 3291; x_wconf 90' lang='lat' dir='ltr'><strong>a.</strong></span> <span class='ocrx_word' id='word_1_415' title='bbox 1636 3247 1710 3291; x_wconf 86' lang='lat' dir='ltr'><strong>illa</strong></span> <span class='ocrx_word' id='word_1_416' title='bbox 1749 3249 1973 3305; x_wconf 85' lang='lat' dir='ltr'><strong>provincia</strong></span> <span class='ocrx_word' id='word_1_417' title='bbox 2011 3248 2074 3293; x_wconf 91' lang='lat' dir='ltr'><strong>di·</strong></span> 
     </span>
     <span class='ocr_line' id='line_1_76' title="bbox 591 3303 799 3348; baseline 0.01 -2"><span class='ocrx_word' id='word_1_418' title='bbox 591 3303 688 3347; x_wconf 77' lang='lat' dir='ltr'><strong>visa</strong></span> <span class='ocrx_word' id='word_1_419' title='bbox 717 3306 799 3348; x_wconf 84' lang='lat' dir='ltr'><strong>est.</strong></span> 
     </span>
    </p>

    <p class='ocr_par' dir='ltr' id='par_1_39' title="bbox 442 3360 2077 3476">
     <span class='ocr_line' id='line_1_77' title="bbox 442 3360 2077 3420; baseline 0.003 -14"><span class='ocrx_word' id='word_1_420' title='bbox 442 3361 493 3406; x_wconf 93' lang='lat'><strong>11</strong></span> <span class='ocrx_word' id='word_1_421' title='bbox 559 3360 661 3406; x_wconf 86' lang='lat' dir='ltr'><strong>Cos.</strong></span> <span class='ocrx_word' id='word_1_422' title='bbox 682 3361 766 3420; x_wconf 86' lang='lat' dir='ltr'><strong>Ap.</strong></span> <span class='ocrx_word' id='word_1_423' title='bbox 785 3361 956 3407; x_wconf 78' lang='lat' dir='ltr'><strong>Annius</strong></span> <span class='ocrx_word' id='word_1_424' title='bbox 979 3362 1223 3407; x_wconf 84' lang='lat' dir='ltr'><strong>Trebonius</strong></span> <span class='ocrx_word' id='word_1_425' title='bbox 1248 3362 1417 3419; x_wconf 86' lang='lat' dir='ltr'><strong>Gallus,</strong></span> <span class='ocrx_word' id='word_1_426' title='bbox 1445 3364 1501 3408; x_wconf 70' lang='grc' dir='ltr'>Η.</span> <span class='ocrx_word' id='word_1_427' title='bbox 1519 3365 1679 3409; x_wconf 84' lang='lat' dir='ltr'><strong>Atilius</strong></span> <span class='ocrx_word' id='word_1_428' title='bbox 1697 3365 1886 3411; x_wconf 86' lang='lat' dir='ltr'><strong>Metilius</strong></span> <span class='ocrx_word' id='word_1_429' title='bbox 1902 3366 2077 3411; x_wconf 85' lang='lat' dir='ltr'><strong>Bradua</strong></span> 
     </span>
     <span class='ocr_line' id='line_1_78' title="bbox 595 3419 1332 3476; baseline 0.004 -12"><span class='ocrx_word' id='word_1_430' title='bbox 595 3419 720 3475; x_wconf 77' lang='lat' dir='ltr'><strong>(suff.</strong></span> <span class='ocrx_word' id='word_1_431' title='bbox 751 3420 803 3466; x_wconf 87' lang='lat' dir='ltr'><strong>L.</strong></span> <span class='ocrx_word' id='word_1_432' title='bbox 824 3420 1070 3466; x_wconf 73' lang='lat' dir='ltr'><strong>verulanus</strong></span> <span class='ocrx_word' id='word_1_433' title='bbox 1102 3420 1332 3476; x_wconf 82' lang='lat' dir='ltr'><strong>Severus).</strong></span> 
     </span>
    </p>

    <p class='ocr_par' dir='ltr' id='par_1_40' title="bbox 441 3478 2073 3658">
     <span class='ocr_line' id='line_1_79' title="bbox 441 3478 2073 3536; baseline 0.002 -12"><span class='ocrx_word' id='word_1_434' title='bbox 441 3479 495 3523; x_wconf 82' lang='lat'><strong>12</strong></span> <span class='ocrx_word' id='word_1_435' title='bbox 559 3479 660 3525; x_wconf 88' lang='lat' dir='ltr'><strong>Cos.</strong></span> <span class='ocrx_word' id='word_1_436' title='bbox 691 3478 948 3525; x_wconf 82' lang='lat' dir='ltr'><strong>A.·Cornel.</strong></span> <span class='ocrx_word' id='word_1_437' title='bbox 979 3479 1131 3525; x_wconf 81' lang='lat' dir='ltr'><strong>Palma</strong></span> <span class='ocrx_word' id='word_1_438' title='bbox 1160 3480 1224 3535; x_wconf 91' lang='lat'><strong>11,</strong></span> <span class='ocrx_word' id='word_1_439' title='bbox 1265 3481 1314 3527; x_wconf 89' lang='lat'><strong>0.</strong></span> <span class='ocrx_word' id='word_1_440' title='bbox 1346 3481 1564 3528; x_wconf 83' lang='lat' dir='ltr'><strong>Calvisius</strong></span> <span class='ocrx_word' id='word_1_441' title='bbox 1597 3483 1752 3528; x_wconf 87' lang='lat' dir='ltr'><strong>Tullus</strong></span> <span class='ocrx_word' id='word_1_442' title='bbox 1785 3483 1825 3528; x_wconf 94' lang='lat'><strong>11</strong></span> <span class='ocrx_word' id='word_1_443' title='bbox 1867 3483 1989 3536; x_wconf 77' lang='lat' dir='ltr'><strong>(suff.</strong></span> <span class='ocrx_word' id='word_1_444' title='bbox 2022 3484 2073 3528; x_wconf 84' lang='grc' dir='ltr'>Ρ.</span> 
     </span>
     <span class='ocr_line' id='line_1_80' title="bbox 596 3539 2073 3596; baseline 0.003 -14"><span class='ocrx_word' id='word_1_445' title='bbox 596 3539 741 3582; x_wconf 69' lang='lat' dir='ltr'><strong>Aelius</strong></span> <span class='ocrx_word' id='word_1_446' title='bbox 772 3539 1036 3593; x_wconf 73' lang='lat' dir='ltr'><strong>Hadrianus,</strong></span> <span class='ocrx_word' id='word_1_447' title='bbox 1077 3540 1132 3585; x_wconf 85' lang='lat' dir='ltr'><strong>M.</strong></span> <span class='ocrx_word' id='word_1_448' title='bbox 1165 3539 1397 3586; x_wconf 82' lang='lat' dir='ltr'><strong>Trebatius</strong></span> <span class='ocrx_word' id='word_1_449' title='bbox 1437 3542 1657 3596; x_wconf 86' lang='lat' dir='ltr'><strong>Priscus.)</strong></span> <span class='ocrx_word' id='word_1_450' title='bbox 1690 3542 1935 3587; x_wconf 77' lang='lat' dir='ltr'><strong>Hadrianus</strong></span> <span class='ocrx_word' id='word_1_451' title='bbox 1974 3556 2073 3587; x_wconf 89' lang='lat' dir='ltr'><strong>cum</strong></span> 
     </span>
     <span class='ocr_line' id='line_1_81' title="bbox 595 3598 2072 3658; baseline 0.003 -15"><span class='ocrx_word' id='word_1_452' title='bbox 595 3599 855 3657; x_wconf 84' lang='lat' dir='ltr'><strong>cognatione</strong></span> <span class='ocrx_word' id='word_1_453' title='bbox 876 3598 1111 3643; x_wconf 87' lang='lat' dir='ltr'><strong>Traianum</strong></span> <span class='ocrx_word' id='word_1_454' title='bbox 1133 3601 1383 3658; x_wconf 79' lang='lat' dir='ltr'><strong>attingeret,</strong></span> <span class='ocrx_word' id='word_1_455' title='bbox 1414 3606 1505 3646; x_wconf 90' lang='lat' dir='ltr'><strong>tum</strong></span> <span class='ocrx_word' id='word_1_456' title='bbox 1526 3603 1621 3647; x_wconf 89' lang='lat' dir='ltr'><strong>eius</strong></span> <span class='ocrx_word' id='word_1_457' title='bbox 1644 3603 1806 3648; x_wconf 88' lang='lat' dir='ltr'><strong>sororis</strong></span> <span class='ocrx_word' id='word_1_458' title='bbox 1828 3603 2072 3648; x_wconf 77' lang='lat' dir='ltr'><strong>Marcianas</strong></span> 
     </span>
    </p>
   </div>
  </div>
 </body>
</html>
