2392 4016
325 249 450 283 xvm
1129 237 1190 276 De
1221 235 1454 276 auctoribus

326 387 516 430 cessaria
553 385 823 438 viderentur,
873 383 1017 440 spissa
1055 383 1276 426 volumina
1312 383 1359 425 in
1397 385 1631 439 angustum
1673 382 1978 439 compendium
2015 383 2253 440 redegisse.

325 458 618 500 Veruntamen
648 456 718 499 vel
750 456 814 498 sic
847 458 1094 511 comparato
1127 455 1236 498 duce
1266 455 1348 497 hoc
1380 454 1588 497 utendum
1610 455 1705 507 erit,
1736 455 1992 511 praesertim
2013 467 2112 498 cum
2133 468 2255 498 enar-

326 533 489 572 ratores
523 527 750 580 invenerit,
782 528 1017 569 Fabricium
1049 529 1092 569 et
1112 527 1362 579 Reimarum,
1395 526 1470 582 qui
1501 528 1740 569 ceterorum
1774 527 2033 581 scriptorum
2064 527 2257 570 testimo-

325 602 408 643 niis
443 601 640 644 collectis
673 611 776 642 suae
809 599 1102 642 annotationis
1133 597 1404 654 longitudine
1434 597 1552 640 illius
1585 598 1840 641 brevitatem
1863 610 2145 654 compensare
2167 601 2255 641 stu-

325 672 508 715 duerint.

442 743 694 786 Latinorum
727 742 986 798 scriptorum
1017 745 1187 797 praeter
1217 742 1428 794 Validam,
1459 740 1627 788 Tiberii
1657 741 1920 784 adulatorem
1956 740 2029 793 (de
2053 753 2138 796 quo
2158 740 2256 783 vide

324 815 369 857 in
401 816 623 870 superiore
662 812 887 869 periodo),
927 813 997 856 hic
1039 813 1345 856 memorandus
1381 815 1448 855 est
1478 812 1720 866 Suetonius,
1760 813 1987 856 duodecim
2022 811 2257 855 Caesarum

327 899 462 942 usque
495 887 548 928 ad
570 886 865 929 Domitianum
896 886 1081 928 vitarum
1114 886 1316 941 scriptor,
1350 885 1403 928 de
1434 896 1518 940 quo
1550 867 1655 927 iiim
1684 898 1828 941 supra,
1862 898 1959 927 cum
1981 885 2034 927 de
2057 883 2257 927 Caesaris

325 959 414 999 vita
445 958 708 1010 dicebamus,
740 958 1004 1000 mentionem
1036 956 1233 1000 fecimus.
1293 956 1428 999 Paulo
1459 957 1604 1000 minus
1635 957 1842 1013 temporis
1874 957 2062 1013 spatium
2094 955 2150 999 82
2184 969 2257 998 an-

326 1042 493 1082 norum,
526 1030 578 1072 ab
611 1042 807 1072 excessu,
827 1029 1018 1084 Augusti
1047 1041 1186 1084 usque
1219 1028 1272 1070 ad
1305 1029 1469 1071 exitum
1500 1028 1752 1082 Domitiani,
1794 1042 1833 1072 a.
1866 1029 1937 1082 96,
1974 1029 2143 1070 Tacitus
2173 1027 2259 1080 sibi

327 1104 628 1156 argumentum
659 1101 867 1155 sumpsit,
907 1101 953 1142 in
985 1113 1070 1155 quo
1102 1100 1365 1152 elaboraret,
1404 1099 1572 1143 duobus
1604 1101 1829 1156 operibus,
1868 1101 2004 1143 altero
2034 1112 2173 1155 usque
2204 1099 2258 1141 ad

326 1172 502 1214 caedem
532 1172 734 1224 Neronis,
766 1172 908 1213 ultimi
936 1172 1212 1227 imperatoris
1245 1184 1301 1214 ex
1332 1171 1444 1214 Iulia
1473 1175 1519 1214 et
1549 1171 1732 1215 Claudia
1761 1176 1905 1229 gente,
1950 1185 1988 1214 a.
2011 1171 2082 1225 68,
2122 1171 2257 1214 altero

326 1257 352 1285 a
382 1256 471 1286 cos.
503 1244 605 1299 imp.
630 1243 770 1286 Galba
799 1244 956 1286 iterum
989 1246 1034 1286 et
1065 1243 1116 1286 Τ.
1140 1243 1284 1296 Vinio,
1317 1257 1354 1285 a.
1378 1243 1450 1296 69,
1483 1255 1622 1298 usque
1654 1243 1710 1286 ad
1729 1244 1838 1286 illud
1857 1245 2030 1286 initium
2049 1243 2257 1286 felicioris

328 1316 505 1368 saeculi,
538 1329 637 1358 cum
657 1317 803 1360 Nerva
834 1317 889 1359 ad
919 1316 1211 1371 principatum
1242 1316 1456 1371 pervenit.
1501 1315 1644 1371 Atque
1675 1315 1763 1358 tale
1795 1319 1864 1359 est
1882 1316 2010 1358 huius
2033 1315 2258 1371 scriptoris

325 1389 562 1444 ingenium,
605 1401 630 1430 a
661 1401 745 1444 quo
776 1390 1052 1444 potissimum
1085 1401 1184 1431 cum
1216 1389 1384 1429 ceteras
1415 1400 1501 1440 res,
1532 1390 1625 1430 tum
1655 1388 1901 1444 principum
1931 1390 2062 1440 artes,
2101 1387 2258 1442 quibus

325 1461 568 1504 libertatem
599 1462 817 1517 publicam
849 1460 1166 1518 oppresserint,
1209 1462 1253 1502 et
1289 1459 1466 1502 fortium
1504 1461 1694 1507 virorum
1723 1460 1869 1502 irritos
1902 1462 2084 1502 conatus
2115 1458 2261 1514 depel—

327 1533 482 1575 lendae
515 1534 737 1576 servitutis
771 1533 939 1577 discere
972 1533 1221 1588 cupiamus,
1262 1544 1360 1574 cum
1400 1534 1444 1574 et
1473 1532 1670 1575 veritatis
1702 1531 1846 1574 studio
1879 1534 1924 1573 et
1953 1531 2163 1574 acerrimo
2193 1531 2258 1572 iu·

327 1605 440 1648 dicio
473 1608 516 1648 et
547 1605 720 1648 dicendi
751 1607 841 1647 arte
872 1605 986 1647 inter
1015 1616 1179 1659 paucos
1212 1603 1412 1646 excellat.
1462 1604 1551 1647 Sed
1573 1605 1703 1657 etiam
1723 1604 1850 1646 huius
1873 1603 2080 1646 librorum
2099 1615 2259 1658 magna

326 1690 427 1732 pars
458 1677 692 1730 intercidit,
726 1680 960 1732 supersunt
990 1677 1090 1719 libri
1120 1677 1301 1732 priores,
1333 1677 1490 1731 quibus
1517 1677 1675 1718 Tiberii
1693 1689 1876 1732 regnum
1908 1675 1980 1728 (ab
2002 1689 2040 1717 a.
2066 1674 2258 1725 14—37)

327 1749 601 1802 describitur,
633 1762 687 1791 ne
718 1749 968 1804 hirquidem
998 1749 1173 1804 integri,
1207 1748 1410 1803 quoniam
1441 1761 1493 1790 ea
1512 1748 1740 1804 particula,
1772 1761 1882 1804 quae
1903 1760 1974 1790 res
1997 1760 2035 1789 a.
2057 1746 2115 1790 30
2137 1750 2181 1789 et
2201 1746 2255 1789 31

328 1823 474 1875 gestas
507 1822 771 1873 continebat,
805 1821 1053 1876 gravissimi
1074 1820 1330 1875 argumenti,
1366 1823 1409 1863 et
1430 1833 1558 1876 quem
1579 1821 1693 1863 haud
1716 1820 1965 1863 dubitamus
1989 1832 2088 1862 cum
2107 1819 2260 1874 Lipsio

327 1892 470 1946 ipsum
500 1892 651 1934 florem
683 1894 826 1948 operis
859 1893 1026 1945 dicere,
1067 1891 1210 1947 periit.
1279 1891 1610 1947 Insequentium
1646 1893 1854 1946 librorum
1882 1894 2052 1935 iactura
2078 1891 2262 1934 involvit

332 1964 434 2006 Gaii
470 1965 661 2007 Caesaris
691 1965 866 2007 brevem
906 1964 1181 2020 tyrannidem
1213 1966 1257 2006 et
1292 1964 1462 2006 Claudii
1491 1964 1762 2020 principatus
1790 1965 1957 2021 priores
1989 1977 2126 2007 annos
2158 1976 2258 2015 sex;

329 2036 443 2090 quod
481 2039 682 2092 superest
713 2036 886 2079 Claudii
925 2049 1135 2079 annorum
1174 2039 1218 2079 et
1248 2035 1428 2078 Neronis
1463 2036 1715 2092 imperium,
1757 2036 1880 2079 libris
1914 2037 1965 2079 ll
1982 2036 2106 2079 —16
2138 2049 2260 2078 enar-

328 2110 459 2160 ratur,
492 2121 632 2163 neque
663 2111 822 2160 tamen,
855 2120 953 2151 cum
984 2109 1086 2151 libri
1119 2108 1173 2151 16
1204 2108 1376 2151 initium
1407 2107 1704 2150 tantummodo
1737 2111 1870 2161 extet,
1906 2109 2089 2151 materia
2119 2107 2262 2150 absol-

327 2180 456 2231 vitur,
489 2180 567 2222 sed
595 2181 642 2221 in
673 2193 784 2222 anno
818 2180 888 2233 66,
925 2194 966 2222 u.
990 2194 1027 2223 c.
1060 2180 1161 2234 819,
1193 2180 1474 2235 abrumpitur.
1528 2178 1721 2222 Alterius
1754 2181 1898 2235 operis
1929 2183 2132 2236 quattuor
2161 2180 2263 2222 libri

326 2251 492 2306 priores
525 2253 568 2293 et
599 2253 739 2307 quinti
768 2265 868 2308 pars
899 2252 1027 2295 hodie
1060 2255 1232 2305 extant,
1273 2253 1431 2308 quibus
1476 2266 1579 2293 unus
1609 2264 1747 2293 annus
1779 2252 2013 2294 multorum
2044 2252 2257 2307 sanguine

327 2323 596 2376 nobilitatus,
637 2324 691 2367 69
723 2327 826 2380 post
848 2323 947 2367 Chr.
980 2326 1034 2366 et
1054 2325 1243 2380 proximi
1274 2325 1332 2368 70
1363 2324 1588 2367 dimidium
1618 2323 1752 2366 ferme
1786 2324 2045 2377 continetur,
2087 2337 2143 2366 ex
2173 2336 2258 2379 quo

327 2395 453 2438 facile
484 2396 756 2452 intelligitur,
788 2400 949 2451 quanta
980 2397 1205 2452 scriptoris
1237 2398 1283 2439 in
1313 2397 1381 2439 his
1413 2397 1544 2439 rebus
1576 2396 1828 2439 enarrandis
1860 2396 2086 2452 diligentia
2116 2395 2258 2448 fuerit,

328 2480 456 2522 quam
488 2469 663 2523 assequi
693 2482 774 2511 nec
805 2470 962 2524 potuit,
1001 2482 1082 2512 nee
1113 2469 1265 2522 voluit,
1283 2469 1373 2524 -qui
1409 2469 1570 2512 Galbae
1601 2472 1646 2511 et
1682 2470 1853 2511 Othonis
1883 2469 1996 2511 vitas
2029 2469 2259 2524 singulari-

329 2541 408 2582 bus
439 2539 598 2582 libellis
631 2540 864 2596 descripsit
893 2542 1155 2583 Plutarchus.
1217 2541 1434 2584 Iacturam
1465 2544 1708 2584 ceterorum
1739 2542 1960 2594 librorum,
1993 2541 2149 2596 quibus
2174 2541 2258 2584 Ve-

329 2612 542 2667 spasiani,
584 2612 674 2655 Titi
705 2615 748 2655 et
778 2613 1016 2656 Domitiani
1046 2614 1315 2669 principatus
1354 2616 1612 2669 persecutus
1644 2617 1757 2666 erat,
1794 2616 1882 2656 vita
1919 2613 1989 2655 Cn.
2019 2613 2258 2667 Aqricolae,

328 2685 451 2726 cuius
484 2684 617 2727 ductu
636 2685 862 2727 Britannia
893 2686 1055 2728 domita
1085 2687 1166 2738 est,
1198 2686 1251 2728 ab
1274 2685 1426 2728 eodem
1443 2685 1598 2729 Tacito
1621 2686 1876 2742 composita,
1907 2686 2104 2742 quamvis
2127 2685 2260 2740 digna

328 2758 503 2798 auctore
536 2768 629 2808 suo,
661 2769 942 2812 compensare
972 2760 1118 2800 tamen
1147 2759 1310 2814 nequit.

447 2827 652 2881 Sequitur
673 2831 793 2871 aetas
817 2830 1034 2872 continuis
1058 2831 1246 2885 quinque
1270 2831 1530 2886 optimorum
1553 2831 1799 2887 principum
1819 2831 1968 2887 regnis
1989 2830 2258 2882 felicissima,

328 2900 511 2952 Nervae,
545 2900 734 2952 Traiani,
764 2900 987 2953 Hadriani,
1018 2902 1244 2957 utriusque
1264 2903 1489 2956 Antonini,
1521 2903 1600 2946 sed
1630 2903 1743 2945 malo
1765 2903 1951 2958 quodam
1973 2903 2060 2945 fato
2082 2902 2256 2954 accidit,

329 2975 377 3014 ut
405 2973 623 3027 ingeniosi
654 2974 868 3024 auctoreS,
907 2975 1058 3015 renata
1089 2974 1169 3016 sub
1203 2975 1390 3017 Traiano
1425 2975 1645 3018 scribendi
1675 2976 1874 3018 libertate
1905 2976 1989 3029 usi,
2031 2978 2106 3017 aut
2136 2978 2256 3017 vetu-

330 3047 496 3087 storum
527 3046 771 3099 temporum
809 3045 1061 3087 memoriam
1099 3059 1329 3099 renovare,
1369 3050 1444 3090 aut
1473 3048 1713 3090 recentium
1743 3047 1963 3090 infamiam
1993 3048 2151 3112 litteris
2182 3060 2258 3090 no-

329 3119 420 3163 tare
460 3116 643 3169 vellent,
689 3128 770 3158 nec
809 3116 920 3158 ullos
967 3117 1212 3160 invenirent
1249 3119 1655 3162 honestissimorum
1691 3119 1932 3162 studiorum
1970 3120 2149 3163 idoneos
2188 3133 2258 3162 ae-

332 3188 484 3230 mulos.
557 3187 708 3243 Itaque
747 3200 818 3230 res
858 3201 883 3229 a
916 3188 1102 3231 Traiano
1150 3189 1424 3233 laudabiliter
1462 3194 1613 3247 gestae
1652 3191 1784 3247 digno
1824 3195 1974 3235 carent
2010 3195 2258 3256 praeconio,

331 3262 417 3303 nisi
447 3261 564 3316 quod
581 3263 720 3305 „minor
739 3262 902 3304 Plinius
932 3262 1212 3317 epistolarum
1242 3263 1378 3316 libris,
1409 3265 1666 3319 praesertim
1697 3264 1879 3317 decim0,
1911 3267 1955 3307 et
1974 3267 2256 3322 panegyrico,

332 3346 459 3387 quam
491 3334 684 3376 studiose
715 3334 790 3376 ille
819 3335 1021 3390 princeps
1052 3335 1116 3377 rei
1145 3337 1345 3392 publicae
1378 3351 1525 3380 curam
1556 3338 1756 3394 gesserit,
1796 3337 1903 3379 satis
1936 3339 2139 3381 ostendit.
2201 3339 2258 3380 Et

333 3405 377 3445 ni
423 3405 610 3448 fuissent
656 3407 736 3449 sub
779 3407 1048 3455 Diocletiano
1096 3409 1354 3464 imperatore
1405 3411 1570 3466 aliquot
1612 3410 1870 3465 scriptores,
1917 3410 1991 3465 qui
2027 3411 2255 3463 Hadriani,
2390 3466 2392 3469 v

331 3477 526 3518 Antonini
545 3479 629 3532 Pii,
665 3481 717 3522 L.
744 3480 842 3522 Veri
870 3481 915 3522 et
934 3480 998 3521 M.
1021 3481 1218 3524 Antonini
1248 3484 1359 3526 vitas
1392 3484 1447 3526 ad
1476 3484 1651 3526 modum
1674 3483 1886 3536 Suetonii,
1919 3483 1998 3525 sed
2026 3484 2156 3538 longe
2178 3483 2255 3524 mi-
2389 3514 2392 3547 J

332 3562 435 3592 nore
468 3554 511 3593 et
541 3565 683 3594 rerum
714 3553 869 3608 peritia
909 3555 953 3595 et
983 3553 1156 3596 dicendi
1195 3559 1285 3598 arte
1328 3557 1589 3610 scriberent,
1629 3558 1788 3613 ubique
1819 3557 1874 3599 ad
1905 3555 2160 3612 compendia
2190 3568 2255 3610 re-
2387 3555 2391 3608 J

334 3623 450 3667 dacti
468 3637 675 3670 essemus.
737 3627 796 3671 Hi
815 3627 914 3671 libri
933 3627 1132 3684 vitarum,
1164 3641 1272 3687 quos
1295 3629 1400 3684 dixi,
1431 3630 1704 3688 reperiuntur
1723 3631 1770 3675 in
1791 3630 1994 3687 congerie
2015 3630 2255 3685 scn‘ptorum
2387 3617 2389 3632 '
