2392 4016
576 230 629 269 ab
662 239 768 269 anno
800 239 838 267 a.
864 225 960 267 Chr.
995 220 1078 266 1⁹8
1112 227 1238 275 usque
1270 226 1322 264 ad
1352 237 1502 264 annum
1541 226 1635 264 182.
2018 219 2069 264 91

146 387 168 413 ⁸
187 378 279 447 or
361 386 442 411 ’.θ’
539 420 708 464 mierum
738 418 918 476 spiritus
949 417 1132 475 frangit,
1171 426 1335 473 eosque
1374 415 1557 473 imperio
1598 426 1698 472 pop.
1730 414 1854 457 Rom.
1886 411 2077 458 subiicit.

537 479 656 523 idem
687 475 1011 535 Cephalleniam
1042 475 1222 533 subigit.

541 543 552 552 '
597 537 886 594 'triumphant
922 536 973 581 L.
1011 534 1226 580 Aemulus
1257 531 1477 591 Regillus,
1525 530 1576 574 L.
1610 531 1787 589 Scipio,
1835 531 1887 584 Q.
1918 531 2080 576 Fabius

183 659 265 705 188
344 657 430 703 566
492 594 690 701 (3ssbe
716 594 921 698 aaa?
938 604 1164 707 Macalla,
1206 651 1252 695 0.
1284 651 1434 694 Livius
1463 649 1720 700 Salinator.)
1782 648 1862 692 Cu.
1894 648 2079 692 lianlius

387 719 390 723 “
542 726 599 759 ex
627 713 736 759 Asia
764 715 988 758 revertens
1018 726 1046 757 a
1074 710 1317 756 Thracibus
1349 712 1532 754 vexatur
1569 720 1857 766 magnamque
1895 706 2081 765 praedae

540 775 709 832 partem
740 773 912 817 amittit.

601 831 762 877 Lustro
793 830 866 876 48.
899 829 1025 876 cond.
1059 842 1086 874 a
1102 841 1221 874 cens.
1243 828 1296 872 T.
1315 827 1519 881 Quinctio
1534 826 1795 879 Flaminino,
1827 824 1881 869 11.
1900 823 2082 869 Claudio

492 895 494 899 ’
542 891 748 937 Marcello
788 899 924 935 censa
960 892 1064 935 sunt
1101 889 1186 934 civ.
1225 888 1371 945 capita
1406 884 1607 939 2583183
1650 885 1857 943 princeps
1904 886 2083 928 senatus

546 950 594 995 P.
628 950 778 1008 Scipio
817 949 951 994 Afric.
990 948 1070 993 111.
1139 947 1364 992 Fundanis
1402 945 1733 1001 Formianisque
1772 944 1869 1000 lege
1910 943 2084 986 Valeria

544 1009 868 1068 suffragii'latio
888 1009 936 1052 in
953 1008 1073 1052 tribu¹
1091 1006 1291 1060 Aemilia,
1321 1004 1603 1062 Arpinatibus
1623 1004 1668 1047 in
1692 1002 1895 1047 Cornelia
1914 1002 2052 1046 datur.

182 1072 266 1118 187
347 1070 432 1118 567
496 1069 598 1114 Gos.
629 1069 694 1112 M.
725 1067 926 1112 Aemilius
957 1067 1160 1123 Lepidus,
1208 1065 1253 1109 C.
1284 1062 1553 1115 Flaminius.)
1614 1062 1726 1106 Dum
1758 1062 1885 1106 ambo
1916 1074 2006 1105 cos.
2037 1061 2083 1104 in

545 1128 782 1184 Liguribus
813 1126 976 1171 bellum
1008 1128 1166 1184 gerunt
1194 1121 1375 1181 viasq'ne
1404 1122 1616 1167 militares
1646 1121 1888 1165 Flaminius
1921 1121 1975 1164 ab
2006 1121 2085 1165 Ar·

544 1186 658 1231 relic
703 1186 967 1239 Bononiam,
1016 1184 1227 1229 Aemilius
1279 1183 1334 1227 ab
1380 1181 1576 1226 Arimino
1615 1180 1883 1225 Placentiam
1930 1178 2085 1237 perdu-

546 1246 628 1290 cit:
669 1245 833 1289 Romae
878 1244 1106 1301 rogatione
1145 1242 1318 1287 Petillia
1354 1244 1399 1285 et
1435 1243 1614 1284 auctore
1651 1239 1706 1284 Π.
1747 1238 1913 1283 Catone
1984 1252 2084 1282 uae·

548 1305 715 1350 stiones
745 1304 801 1348 de
832 1303 973 1361 capiis
1014 1303 1069 1347 ab
1099 1302 1316 1347 Antiocho
1346 1312 1450 1357 rege
1480 1298 1680 1402 gecnmis
1720 1298 1929 1342 adversus
1999 1331 2009 1340 .
2042 1300 2087 1340 et

548 1363 598 1409 L.
639 1363 871 1420 Scipiones
909 1364 1182 1406 exercentur.
1251 1361 1300 1405 P.
1331 1359 1480 1416 magni
1511 1371 1565 1402 ca
1600 1357 1854 1402 defensione
1896 1368 2002 1400 usus
2040 1357 2086 1400 in

548 1423 819 1467 Literninum
849 1433 900 1466 se
931 1421 1064 1475 abdit,
1095 1432 1238 1478 neque
1257 1419 1440 1463 Romam
1468 1417 1712 1469 revertitur,
1742 1417 1965 1459 absentem
1988 1427 2088 1473 pro-

545 1482 659 1541 tegit
689 1481 757 1525 Ti.
780 1480 1063 1537 Sempronius
1096 1479 1322 1525 Gracchus
1349 1477 1449 1522 trib.
1479 1476 1555 1534 pi.‚
1594 1475 1667 1520 cui
1698 1475 1753 1519 ob
1784 1488 1879 1518 eam
1909 1487 2086 1519 causam

549 1540 752 1585 Cornelia
787 1540 930 1583 minor
964 1539 1011 1583 in
1047 1538 1370 1583 matrimonium
1400 1535 1540 1580 datur.
1609 1534 1659 1579 L.
1692 1534 1842 1591 Scipio
1879 1533 2087 1577 multatus

548 1599 970 1703 gauffriffepgritur.
1022 1597 1251 1656 Triumphi
1282 1597 1337 1640 Μ.
1361 1595 1505 1640 Fulvii
1534 1594 1591 1638 de
1622 1593 1804 1647 Aetolis,
1836 1592 1915 1638 Cn.
1940 1592 2088 1636 Manlii

577 1671 603 1703 e
679 1671 705 1701 a
739 1670 796 1702 o-
848 1670 1003 1702 raecis.
2130 1663 2136 1669 ’

612 1716 758 1761 12000
787 1717 899 1761 socii
930 1715 1024 1760 Lat.
1057 1716 1221 1759 Romae
1252 1713 1490 1770 conquisiti
1518 1724 1599 1770 per
1629 1710 1680 1765 Q.
1702 1711 1955 1755 Terentium
1988 1709 2089 1755 Cul-

549 1777 720 1820 leonem
749 1778 886 1833 praet.
918 1779 964 1819 et
993 1775 1146 1819 domos
1177 1773 1365 1817 remissi.

189 1839 272 1884 186
353 1837 440 1883 568
500 1836 604 1881 Gos.
635 1835 712 1891 Sp.
743 1835 976 1878 Postumiae
1012 1834 1204 1886 Albinus,
1254 1832 1304 1882 Q.
1338 1831 1529 1875 Mare-‘u
1556 1829 1777 1885 Philippus
1807 1828 2088 1886 quaestiones

553 1894 716 1938 Romae
746 1896 793 1938 et
827 1905 908 1950 per
945 1895 1079 1937 totam
1111 1892 1283 1936 Italiam
1313 1890 1367 1935 de
1397 1889 1684 1934 clandestinis
1714 1888 2089 1932 coniurationibus

553 1956 599 1997 et
627 1953 752 1997 novis
773 1952 1059 2010 religionibus
1080 1953 1299 1995 exercent.
1319 1949 1606 1993 smum-s.
1628 1949 1679 1991 de
1700 1947 2051 1990 Bacchanalibus.

611 2011 663 2065 Q.
684 2011 872 2056 Marcius
902 2022 993 2055 cos.
1015 2024 1043 2055 a
1062 2010 1298 2068 Liguribus
1319 2008 1517 2067 Apuanis
1546 2005 1719 2051 insidiis
1740 2006 2089 2050 circumvenitur.

193 2072 277 2118 185
356 2071 444 2117 569
503 2070 605 2116 Cos.
636 2071 718 2127 Ap.
745 2070 946 2114 claudius
966 2070 1156 2123 Pulcher,
1187 2069 1251 2112 Μ.
1272 2068 1535 2124 Sempronius
1560 2064 1828 2116 Mean-u.)
1866 2064 2089 2109 Adversus

551 2141 630 2174 eos
668 2129 723 2173 Π.
762 2129 990 2186 Sempron.
1081 2128 1251 2173 oiectus
1293 2127 1452 2171 saltum
1490 2137 1628 2182 usque
1665 2124 1722 2168 ad
1762 2125 1950 2167 Macran
1989 2123 2091 2167 fluv.

550 2189 710 2248 aperit:
748 2187 917 2246 Appius
954 2188 1002 2232 in
1069 2187 1273 2245 iguribus
1301 2185 1511 2243 Ingaunis
1549 2183 1709 2228 bellum
1750 2183 1936 2227 feliciter
1965 2184 2090 2239 gerit.

553 2247 605 2292 ln
635 2247 849 2304 Hispania
877 2246 932 2290 ab
974 2246 1186 2291 ambobus
1223 2244 1498 2303 praetoribus
1535 2255 1671 2301 prope
1702 2242 1904 2286 Toletum
1935 2242 2093 2285 acriter

551 2308 790 2366 pugnatur,
826 2306 1064 2363 praecipua
1092 2304 1143 2350 Ο.
1176 2304 1402 2362 Calpurnii
1430 2301 1572 2347 lande.
1643 2301 1869 2359 Philippus
1900 2314 1993 2354 rex,
2032 2300 2092 2344 le-

608 2365 668 2409 tis
698 2365 861 2419 missis,
892 2365 966 2421 qui
998 2377 1097 2408 eum
1126 2365 1174 2408 in
1201 2364 1328 2420 regni
1347 2362 1509 2407 finibus
1530 2364 1798 2414 coercerent,
1829 2372 2091 2418 magnopere

558 2423 805 2469 offenditur.
867 2423 1022 2467 Ovatio
1052 2422 1102 2467 L.
1133 2422 1282 2467 uaniii
1311 2433 1431 2480 proc.
1464 2434 1521 2465 ex
1550 2419 1675 2490 Hisp.

555 2540 589 2586 c
615 2482 708 2585 (ΕΒ
730 2482 890 2593 >Scipio
927 2481 1161 2527 Africanus
1208 2481 1248 2524 h.
1288 2493 1327 2524 a.
1367 2482 1458 2524 vita
1502 2478 1676 2523 decedit
1720 2476 1959 2522 secundum
1997 2473 2092 2522 Cic.

592 2544 649 2586 at.
712 2573 722 2584 .

193 2602 278 2648 184
354 2602 444 2648 570
502 2599 606 2645 Oos.
637 2600 688 2644 P.
714 2600 915 2643 Claudius
934 2599 1125 2651 nitebar,
1157 2596 1211 2640 L.
1234 2597 1407 2640 Portis·
1426 2595 1639 2647 Ledaea.)
1678 2593 1918 2639 Censuram
1940 2606 2092 2638 severe

271 2697 274 2700 .
555 2662 714 2717 gerunt
742 2657 798 2701 Μ.
831 2657 1013 2702 Porcius
1046 2656 1170 2708 Cato,
1214 2655 1263 2700 L.
1286 2655 1486 2699 Valerius
1518 2653 1720 2707 Flaccus,
1752 2654 1883 2698 iidem
1915 2653 1959 2697 in
1990 2665 2092 2696 con·

555 2717 698 2762 sulatu
729 2717 841 2760 colle
937 2733 946 2759 ι
979 2715 1028 2760 L.
1060 2714 1353 2759 Flamininum
1386 2715 1541 2759 senatu
1570 2715 1768 2765 movent,
1811 2712 1859 2756 1..
1893 2712 2092 2769 Scipioni

553 2787 711 2833 equum
744 2774 847 2832 publ
866 2786 964 2819 cnm
998 2773 1208 2827 adimunt,
1239 2786 1296 2818 ex
1326 2775 1474 2817 vetere
1494 2770 1675 2816 Catonis
1704 2772 1750 2816 in
1771 2769 1977 2815 familiam
1997 2769 2092 2815 Sci·

554 2834 732 2892 pienum
770 2832 885 2877 odio.
955 2833 1101 2877 Prima
1142 2831 1342 2877 basilica·
1353 2831 1511 2877 Porcia
1537 2830 1779 2875 aedificata.
1850 2830 1969 2874 Duae
2008 2829 2091 2873 col.

556 2892 717 2937 civium
740 2891 931 2936 Poeantia
960 2891 1007 2936 in
1029 2891 1252 2945 Picenum,
1284 2891 1503 2935 Pisone-ua
1533 2890 1579 2935 in
1610 2902 1761 2948 agrum
1784 2887 1998 2933 Gallicum
2020 2888 2093 2932 de·

555 2950 784 2996 ducuntur.
845 2950 1073 3007 Triumphi
1103 2949 1153 2995 0.
1188 2949 1413 3008 Oalpurnii
1444 2949 1619 2994 Pisonis
1658 2952 1704 2992 et
1735 2948 1781 2992 L.
1815 2947 2007 3000 Quinctii
2038 2946 2092 2991 de

558 3009 779 3054 Lusitanis
811 3008 1144 3067 Celtiberisque.
1205 3009 1386 3054 Moritur
1416 3008 1600 3053 Plautus
1629 3006 1745 3060 (Cic.
1779 3007 1898 3051 Brut.
1937 3005 2032 3059 15).

198 3071 280 3117 183
360 3070 441 3115 571
509 3068 611 3113 00⁸.
641 3067 705 3112 U.
731 3067 930 3112 cla-dm
959 3067 1198 3122 Hermum,
1236 3068 1287 3119 Q.
1319 3069 1476 3111 fabius
1507 3066 1688 3118 Lateo.)
1749 3065 1964 3111 Hannibal
1994 3077 2092 3109 oum

559 3126 611 3172 Τ.
633 3125 862 3180 Quinctius
884 3126 1157 3172 Flamininus
1188 3127 1359 3183 legatus
1389 3125 1444 3170 ad
1465 3126 1661 3170 Prusiam
1684 3124 1915 3181 Bithyniae
1946 3136 2092 3180 regem

559 3185 790 3289 Pan-'¹¹¹¹‘
799 3183 2095 3299 '32:23.1·.:?⁹‘ss0ss2?“132.2¹231.20⁶·pt1''3332’0‘3533

561 3305 746 3348 excusat
773 3306 820 3348 et
849 3303 1023 3348 eximiis
1054 3302 1290 3347 honoribus
1321 3314 1350 3347 a
1377 3306 1533 3348 senatu
1563 3305 1763 3355 ornatur.
1801 3300 1917 3359 quod
1949 3302 2092 3359 ipsum

558 3360 822 3420 imprudenti
850 3361 998 3406 iuveni
1026 3361 1151 3406 exitii
1182 3373 1318 3406 causa
1343 3360 1407 3407 iit.
1464 3360 1673 3406 Coloniae
1703 3359 1976 3405 deducuntur
1996 3360 2093 3404 Ma·

561 3422 648 3465 tina
679 3424 725 3465 et
753 3419 909 3464 flur-e
938 3419 1113 3476 civium,
1157 3418 1255 3466 Lat.
1282 3421 1496 3478 Aquileia,
1536 3420 1649 3466 unde
1680 3419 1796 3465 Galli
1837 3419 2094 3478 uanaalpiui

199 3536 283 3584 182
365 3537 452 3584 572
514 3479 943 3583 ogufmclsf'suuu
967 3538 1219 3595 What,
1251 3539 1305 3583 L.
1327 3539 1527 3583 Aetnilius
1558 3538 1731 3582 Ρουϋυι
1759 3550 1966 3595 prospere
1996 3536 2092 3581 adv.

563 3598 747 3656 Ligures
777 3597 937 3642 bellum
968 3601 1139 3656 gerunt.
1200 3596 1251 3642 A.
1282 3597 1515 3643 Terentius
1545 3610 1600 3642 ex
1633 3598 1756 3655 iiisp.
1788 3597 1861 3640 cit.
1893 3600 2005 3640 ovat.
