2392 4016
327 219 410 265 136
1096 220 1273 260 Annales
1303 220 1474 261 Romani

370 365 436 401 .C.
504 389 513 399 .
554 390 562 400 .
686 390 694 399 .

383 410 411 456 8
473 412 559 456 746
620 412 677 456 23
739 411 840 456 Cos.
877 412 921 454 G.
955 412 1144 455 Marcius
1180 412 1440 466 Censorinus,
1486 413 1529 456 Ο.
1561 415 1733 458 Asinius
1768 414 1927 468 Gallus,
1964 415 2174 459 Pollionis
2205 416 2252 467 f.)

781 471 982 514 Tiberius
1005 471 1120 514 Nero
1151 472 1195 513 in
1220 470 1420 524 Galliam,
1452 484 1581 528 quam
1611 486 1748 530 usque
1778 474 1831 516 ad
1854 487 2022 516 annumx
2036 474 2076 516 6.
2099 476 2253 529 tenuit,

625 535 674 569 tr.
782 529 927 573 fratris
960 530 1057 573 loco
1091 533 1213 573 extra
1245 530 1440 573 ordinem
1470 532 1632 575 missus
1664 534 1760 589 ipso
1792 535 2084 589 prosequente
2106 533 2253 590 Augu-

602 593 689 638 pot.
780 592 862 641 sto,
896 589 1031 632 Ubios
1066 592 1109 631 et
1131 588 1396 645 Sygambros
1418 591 1463 642 in
1486 591 1708 634 sinistram
1732 592 1870 635 Rheni
1892 593 2028 648 ripam
2054 592 2253 636 traducit.

623 649 674 686 16
716 647 719 650 ⁴
775 646 996 700 (Tiberius
1027 648 1130 704 imp.
1157 647 1211 699 n)
1244 648 1462 692 Reversus
1495 650 1540 692 iu
1571 651 1719 693 urbem
1750 651 1861 706 Aug.
1896 650 1998 702 (iam
2021 652 2122 706 imp.
2142 653 2249 703 xlv)

778 720 955 750 censum
986 707 1172 749 triennio
1206 710 1304 750 ante
1327 710 1525 763 coeptum
1548 710 1718 765 peragit
1739 710 1890 760 (censa
1914 709 2122 753 4233000
2139 710 2252 766 cap.)

773 766 1043 821 lustr-umque
1076 766 1236 809 condit.
1296 767 1458 810 Mensis
1493 767 1674 811 Sextilis
1708 769 1950 824 appellatur
1983 769 2223 825 Augustus.

831 825 874 867 C.
898 825 1132 876 Maecenas,
1166 838 1232 880 eq.
1266 825 1405 878 Rom„
1436 823 1624 883 principi
1658 826 2036 880 familiarissimus,
2070 829 2250 882 moritur,

777 883 1013 940 eodemque
1037 896 1147 926 anno
1170 883 1225 935 (a.
1245 884 1284 926 d.
1310 894 1339 925 v
1358 884 1449 928 Cal.
1470 886 1592 938 Dec.)
1616 886 1744 937 etiam
1775 886 1824 935 Q.
1843 887 2048 929 Horatius
2065 888 2255 940 Flaccus,

776 943 918 998 poeta,
949 942 1078 998 paulo
1111 946 1210 985 ante
1241 943 1461 999 expletum
1493 944 1563 987 57.
1596 946 1710 988 vitae
1742 959 1914 988 annum.

382 998 409 1040 7
469 999 555 1042 747
617 1000 674 1043 24
738 1001 836 1044 Cos.
874 1001 963 1043 Tib.
993 1001 1189 1043 Claudius
1209 1001 1321 1043 Nero
1343 1003 1414 1055 II,
1450 1003 1521 1045 Cn.
1559 1004 1804 1058 Calpurnius
1835 1005 1946 1056 Piso,
1981 1004 2119 1047 Gnaei
2149 1017 2252 1047 con-

623 1066 672 1098 tr.
781 1059 888 1102 sulis
922 1073 958 1100 a.
999 1058 1056 1102 23
1087 1059 1236 1108 filius.)
1296 1061 1389 1102 Hoc
1420 1077 1523 1103 anno
1564 1064 1623 1103 ad
1654 1065 1783 1115 finem
1818 1073 2005 1118 veryente
2051 1064 2264 1106 IESUM

605 1123 691 1167 pot.
789 1117 1122 1160 CHRISTUM
1143 1127 1279 1159 natum
1311 1131 1408 1162 esse
1447 1121 1714 1176 argumentis
1748 1133 1803 1164 ex
1833 1122 2015 1165 historia
2046 1126 2090 1166 et
2121 1127 2256 1166 astro-

625 1179 677 1215 17
779 1177 897 1232 logia
939 1177 1134 1219 collectis
1175 1177 1398 1220 existimat
1435 1177 1589 1221 Ideler.
1632 1178 1834 1222 Chronol.
1867 1180 1923 1222 11.
1955 1194 1997 1236 p.
2028 1181 2114 1225 399
2147 1195 2255 1238 sqq.‚

780 1235 858 1278 sed
887 1236 1175 1278 vetustissimi
1207 1235 1429 1280 doctrinae
1452 1236 1891 1294 Christianaepatres
1915 1253 2025 1282 anno
2047 1240 2074 1284 3
2097 1255 2134 1282 a.
2157 1240 2255 1284 Chr.

778 1297 963 1337 exeunte
994 1295 1064 1337 vel
1095 1307 1206 1337 anno
1240 1295 1265 1336 2
1297 1296 1473 1339 ineunte
1505 1299 1654 1339 natum
1685 1310 1785 1340 eum
1817 1311 1914 1341 esse
1945 1299 2133 1343 tradunt.
2185 1300 2258 1343 Ti·

775 1354 921 1397 berius
956 1352 1045 1396 Cal.
1070 1353 1160 1396 Ian.
1192 1355 1441 1410 triumphat,
1473 1356 1550 1398 sed
1581 1356 1626 1398 in
1658 1355 1934 1400 Germaniam
1965 1357 2092 1401 redit.
2151 1360 2256 1401 Dio·

355 1449 360 1451 .
778 1415 917 1468 nysius
946 1413 1348 1456 Halicarnassensis
1380 1414 1606 1457 historiam
1639 1415 1838 1458 absolvit.

385 1469 411 1512 6
474 1469 560 1515 748
623 1469 678 1514 25
742 1471 842 1515 Cos.
874 1473 932 1514 D.
967 1472 1139 1514 Laelius
1169 1472 1355 1525 Balbus,
1400 1474 1444 1515 C'.
1477 1474 1683 1516 Antistius
1708 1474 1868 1526 Vetus.)
1940 1475 2143 1519 Tiberius
2181 1478 2256 1519 tri-

779 1532 955 1574 bunicia
984 1533 1200 1586 potestate
1221 1532 1267 1573 in
1297 1533 1638 1587 quinquennium
1661 1537 1837 1577 ornatus
1861 1547 1959 1576 cum
1983 1535 2035 1577 ab
2056 1534 2256 1591 Augusto

626 1594 674 1627 tr.
785 1591 831 1632 in
851 1590 1101 1632 Armeniam
1132 1591 1388 1644 mitteretur,
1419 1592 1495 1634 ubi
1515 1605 1584 1635 res
1606 1595 1709 1647 post
1730 1593 1935 1649 Tigranis
1958 1596 2138 1638 mortem
2161 1608 2257 1650 per-

598 1653 691 1699 pot.
781 1649 979 1691 turbatae
1009 1649 1207 1701 fuerunt,
1247 1649 1293 1691 id
1333 1651 1553 1705 negotium
1588 1651 1868 1707 deprecatus,
1910 1653 2099 1696 invidiae
2132 1653 2180 1696 C.
2214 1658 2258 1696 et

624 1708 677 1746 18
778 1707 828 1756 L.
852 1707 1087 1750 Caesarum
1116 1708 1342 1751 evitandae
1363 1722 1508 1762 causa,
1540 1710 1729 1752 Rhodum
1759 1713 1979 1766 tamquam
2008 1713 2054 1754 in
2077 1713 2255 1755 exilium

780 1767 926 1821 specie
966 1766 1206 1808 studiorum
1245 1770 1414 1820 secedit,
1453 1769 1619 1812 relictis
1651 1769 1814 1813 Romae
1854 1773 1898 1813 et
1937 1783 2092 1824 uxore,
2133 1773 2256 1815 cuius

780 1837 923 1867 mores
954 1824 1066 1867 ferre
1090 1837 1176 1868 non
1199 1829 1363 1881 posset,
1396 1829 1440 1869 et
1460 1827 1548 1870 filio
1573 1828 1727 1871 Druso.
1774 1829 1822 1871 P.
1841 1828 2104 1880 Quinctilius
2114 1831 2255 1874 Varus

781 1883 936 1939 Syriae
967 1883 1214 1940 praefectus
1245 1883 1540 1939 Artavasden,
1581 1886 1786 1943 Tigranis
1825 1887 1901 1940 fil.,
1940 1889 2144 1933 instituit.
2206 1890 2257 1933 In

781 1941 967 1985 Galliam
998 1942 1338 1998 Lugdunensem
1369 1945 1554 2010 mittitur
1585 1945 1635 1988 L.
1668 1946 1899 1990 Domitius.

384 1998 412 2044 5
473 2001 559 2045 749
622 2001 679 2044 26
740 2003 1030 2044 Duodecimum
1053 2003 1156 2044 hunc
1176 2004 1423 2046 consulatum
1445 2017 1571 2058 suum
1602 2003 1792 2060 (collega
1812 2005 1862 2048 L.
1886 2005 2086 2049 Cornelio
2109 2006 2255 2060 Sulla3

780 2060 878 2104 suff.
900 2061 966 2103 illi
985 2061 1038 2103 L.
1052 2061 1246 2115 Vinicius,
1278 2062 1370 2106 Ser.
1395 2062 1606 2118 Sulpicius
1631 2064 1783 2116 Galba,
1816 2065 1916 2108 huic
1940 2064 2030 2108 Cal.
2053 2065 2132 2109 Iul.
2156 2066 2255 2109 Sex.

782 2119 1022 2175 Pompeius)
1045 2121 1258 2175 Auyustus
1279 2122 1392 2165 ultro
1413 2123 1581 2178 petivit,
1604 2126 1654 2167 ut
1675 2122 1831 2167 Gaium
1853 2123 1990 2167 filium
2011 2125 2104 2168 sive
2126 2139 2256 2182 nepo-

622 2183 672 2217 tr.
786 2181 875 2221 tem
916 2192 1041 2222 suum
1080 2182 1185 2235 toga
1230 2181 1346 2223 virili
1381 2185 1554 2237 sumpta
1600 2183 1646 2225 in
1683 2182 1823 2225 forum
1870 2184 1964 2239 ipse
2006 2183 2254 2228 deduceret.

606 2242 693 2287 pot·
787 2237 907 2280 Idem
938 2238 1142 2293 princeps
1173 2239 1411 2282 iuventutis
1444 2241 1699 2296 appellatur,
1733 2242 1885 2285 consul
1915 2243 2002 2285 iam
2034 2245 2256 2299 superiore

627 2298 679 2335 19
783 2308 895 2338 anno
916 2298 1017 2352 post
1038 2298 1379 2352 quinquennium
1402 2298 1656 2355 designatus
1681 2303 1786 2352 erat,
1809 2301 2007 2356 pontifex
2029 2301 2091 2355 fit,
2115 2303 2258 2357 plebei

779 2355 999 2397 Romanae
1031 2357 1264 2412 sexagenis
1297 2356 1486 2400 denariis
1518 2359 1680 2401 viritim
1720 2359 1873 2402 divisis
1917 2361 2256 2404 commendatur.

386 2412 415 2455 4
475 2411 563 2457 750
624 2413 679 2456 27
743 2412 842 2457 Cos.
880 2414 924 2456 C.
961 2414 1176 2467 Calvisius,
1208 2415 1262 2457 L.
1296 2416 1558 2468 Passienus.)
1623 2418 1761 2473 Aprili
1793 2431 1942 2461 mense
1972 2420 2151 2464 ineunte
2173 2422 2258 2463 He-

624 2478 673 2511 tr.
784 2474 914 2525 rodes,
942 2486 1021 2515 rex
1052 2473 1252 2527 Iudaeae,
1285 2475 1634 2528 moritur,·cuius
1665 2490 1847 2533 regnum
1877 2478 1992 2520 inter
2021 2481 2111 2522 tres
2143 2479 2257 2523 filios

607 2536 695 2581 pot.
783 2530 1058 2585 Archelaum,
1079 2532 1342 2589 Philippum,
1367 2534 1570 2591 Antipam
1592 2535 1810 2578 dividitur.
1858 2537 1908 2578 P.
1927 2537 2138 2592 Sulpicius
2161 2539 2258 2588 Qui-

626 2591 679 2628 20
781 2592 912 2633 rinius
941 2591 982 2633 h.
1004 2598 1051 2634 a.
1077 2591 1231 2648 Syriae
1262 2593 1791 2650 provinciae-praefectus
1821 2598 2256 2642 recensum-Iudaeae
2275 2630 2294 2634 ..
2383 2635 2387 2637 Α

779 2650 980 2706 imperat.

387 2705 415 2750 3
470 2706 560 2751 '751
626 2707 683 2752 28
747 2707 848 2751 Cos.
888 2709 942 2751 L.
980 2709 1190 2752 Cornelius
1226 2711 1445 2764 Lentulus,
1492 2712 1555 2754 Μ’.
1583 2712 1772 2756 Valerius
1802 2714 2092 2766 Messalinus.)
2163 2715 2257 2760 Hoc

781 2767 915 2810 ferme
954 2780 1066 2811 anno
1105 2769 1310 2812 Messalla
1350 2770 1586 2824 Corvinus,
1634 2774 1816 2828 orator„
1838 2773 1896 2816 70
1937 2786 2073 2817 annos
2114 2778 2281 2827 natus,⁴

629 2830 678 2864 tr.
787 2826 977 2881 itemque
1016 2828 1072 2870 M.
1104 2827 1285 2871 Porcius
1316 2828 1470 2882 Latro,
1510 2831 1808 2875 nobilissimus
1851 2832 2122 2888 eloquentiae
2160 2847 2257 2889 pro-

610 2890 694 2935 pot.
785 2883 940 2937 sessor,
971 2886 1184 2929 obierunt.
1244 2887 1357 2930 Huic
1388 2889 1612 2944 proximus
1645 2893 1785 2933 aetate
1816 2891 1962 2934 rhetor
1994 2891 2042 2944 Q.
2077 2891 2253 2936 Curtius

625 2936 678 2981 21
780 2942 934 3045 lotulfusi.
996 2944 1174 2988 Servius
1209 2945 1360 3000 Galba,
1399 2948 1474 3003 qui
1502 2951 1658 3004 postea
1686 2949 1936 3005 imperavit,
1974 2952 2168 2994 nascitur
2202 2961 2253 2993 nx

822 3015 846 3044 a
866 3035 875 3044 .
930 3015 998 3045 an.

389 3057 415 3100 2
479 3058 565 3103 752
627 3059 683 3103 29
747 3059 846 3103 Cos.
884 3061 1038 3103 Caesar
1067 3061 1242 3116 Auyust.
1274 3063 1407 3105 XIII
1439 3062 1560 3114 (suff.
1593 3064 1642 3107 L.
1678 3064 1926 3118 Caninius),
1967 3067 2030 3109 M.
2068 3069 2257 3112 Plautius

782 3119 992 3173 Silvanus,
1025 3121 1148 3163 cuius
1181 3123 1301 3163 extat
1332 3123 1607 3178 sepulchrum
1638 3137 1774 3180 prope
1807 3124 1981 3176 Tibur.)
2029 3127 2255 3184 Augustus

634 3182 683 3216 tr.
783 3177 833 3220 L.
865 3183 1067 3234 nepotem
1097 3179 1253 3222 iisdem
1274 3180 1524 3235 honoribus,
1557 3195 1666 3238 quos
1688 3182 1820 3226 frater
1842 3188 2084 3240 acceperat,
2118 3191 2255 3240 ornat,

508 3234 580 3304 δι’
613 3241 699 3335 ‘'2⁰2*”
784 3237 883 3338 {PZZ
914 3238 1172 3340 {ionffflffif
1190 3238 1366 3340 ‘'⁶223st
1390 3240 1630 3342 ..ἳῙθ-ὒθὶῗθ
1648 3242 1756 3344 ..¹312ss
1759 3243 2254 3347 ralitaffirgomffendap

651 3378 653 3380 -
783 3309 880 3398 cgm
911 3330 1073 3412 templo
1105 3313 1254 3400 Martis
1287 3314 1734 3413 ΠΙῒξτίζιαὲθάἰὲξῒυτ,
1751 3315 2035 3404 unitumachilii.1
2060 3318 2254 3406 iunging

781 3413 994 3456 Flaminio
1026 3415 1179 3458 editur.
1255 3416 1425 3459 Ovidius
1455 3418 1588 3462 libros
1629 3419 1682 3461 de
1720 3422 1811 3462 arte
1851 3420 2022 3463 amandi
2053 3423 2251 3465 absolvit.

782 3473 908 3524 Iulia,
942 3471 1130 3528 Augusti
1150 3473 1251 3527 filia,
1286 3475 1451 3520 Tiberii
1469 3477 1656 3527 Neronis
1690 3490 1811 3531 uxor,
1843 3481 2019 3534 propter
2050 3480 2252 3523 libidines

784 3533 828 3573 et
848 3530 1059 3573 adulteria
1078 3534 1123 3574 in
1145 3533 1446 3577 Pandatariam
1466 3536 1654 3579 insulam
1673 3537 1893 3592 releyatur,
1926 3537 2110 3581 adulteri
2132 3539 2251 3582 Iulus

781 3588 1021 3642 Antonine,
1060 3590 1110 3632 T.
1144 3591 1372 3642 Quinctius
1406 3593 1654 3650 Crispinus,
1694 3594 1777 3650 Ap.
1810 3594 2044 3648 Claudius,
2084 3597 2251 3654 Sempr.
