2392 4016
342 152 362 194 1
373 153 427 196 10
1110 153 1288 192 Annales
1319 152 1487 193 Romani

362 307 392 330 a.
401 298 484 331 Chr.
548 306 614 329 u.c

397 343 454 386 84
537 342 624 386 670
689 341 788 386 Cos.
827 343 897 385 Cn.
929 342 1128 398 Papirius
1163 342 1295 385 Carbo
1326 342 1390 395 II,
1421 342 1475 385 L.
1504 343 1711 386 Cornelius
1736 344 1864 386 Cinna
1884 344 1993 396 IV.)
2056 345 2109 387 L.
2137 345 2271 387 Cinna

737 402 783 444 in
803 401 952 445 Asiam
986 402 1278 458 navigaturus,
1312 404 1362 444 ut
1392 404 1434 444 et
1455 401 1503 444 L.
1528 401 1674 446 Sullae
1706 407 1951 446 occurreret
1982 406 2025 446 et
2047 417 2140 446 eam
2169 416 2270 459 pro-

737 460 924 504 vinciam
957 461 1146 513 baberet‚
1179 461 1384 503 Anconae
1417 474 1442 502 a
1472 461 1681 505 militibus
1713 475 1845 505 naves
1878 463 2171 506 conscendere
2195 475 2271 505 no-

722 519 925 563 lentibus
958 521 1201 572 interficitur
1232 532 1311 562 nec
1345 520 1574 575 quisquam
1593 521 1635 563 ei
1655 520 1881 564 sufficitur.
1927 521 2052 563 Sulla
2072 522 2272 564 terrestri

714 579 891 632 ³itinere
931 579 976 621 in
1013 577 1162 622 Asiam
1202 578 1360 620 transit
1395 591 1632 634 pacemque
1671 592 1768 623 cum
1799 580 1940 623 Mithr.
1982 580 2085 623 facit
2129 580 2275 623 condi-

713 634 937 695 {cionibus
967 638 1055 680 iam
1085 636 1252 693 pridem
1286 636 1339 680 ab
1370 637 1583 680 Archelao
1617 639 1883 695 compositis,
1915 642 1963 681 ut
1994 639 2203 694 Bithynia
2235 641 2278 680 et

740 695 1015 753 Cappadocia
1052 709 1131 739 rex
1173 696 1366 749 cederet,
1411 697 1640 752 pecuniam
1685 698 1955 754 classemque
2005 698 2062 741 70
2104 699 2277 740 navium

739 755 873 798 daret.
936 756 1025 799 Iam
1058 758 1208 798 contra
1239 755 1488 809 Fimbriam,
1529 759 1673 800 castra
1702 757 1757 799 ad
1789 756 1999 813 Thyatira
2030 758 2278 807 habentem,

740 813 1046 871 proficiscitur,
1080 815 1320 858 exercitum
1352 815 1445 859 eius
1479 815 1534 858 ad
1555 827 1656 858 suas
1679 819 1824 872 partes
1846 816 2103 868 transducit,
2138 817 2280 871 ipsum

743 874 796 916 ad
827 876 1008 917 mortem
1042 873 1191 930 adigit.
1246 873 1413 916 Deinde
1446 873 1578 918 Asiae
1610 875 1738 918 rebus
1771 876 2040 932 compositis,
2074 887 2125 917 ac
2157 874 2281 917 resti·
2351 875 2358 880 '

741 933 847 975 tutis
880 933 1129 988 ornatisque
1152 932 1390 986 Iliensium,
1426 932 1646 986 Chiorum,
1678 934 2012 1002 Magnesiorum,
2046 934 2281 989 Lyciorum

744 991 1094 1046 Rhodiorumque
1128 991 1398 1044 civitatibus,
1428 992 1609 1047 reliquis
1639 994 1808 1048 ingenti
1837 994 2023 1050 pecunia
2043 992 2192 1036 20000
2207 990 2280 1034 tal.

743 1049 952 1102 multatis,
984 1050 1138 1092 relicto
1161 1062 1260 1091 cum
1282 1024 1448 1093 duab'us
1471 1049 1589 1106 legg.
1611 1051 1855 1095 Valerianis
1876 1052 1927 1095 L.
1945 1053 2137 1103 Murena,
2163 1063 2283 1094 exer-

743 1109 878 1151 citum
917 1109 964 1150 in
1006 1108 1235 1151 Graeciam
1276 1109 1451 1151 traiicit.
1521 1109 1700 1151 Interim
1738 1109 1786 1151 in
1815 1110 1964 1154 Africa
2002 1110 2052 1162 Q.
2084 1110 2283 1153 Metellus

741 1167 847 1210 Pius
879 1166 1041 1210 frustra
1071 1166 1275 1210 Sullanas
1307 1169 1454 1223 partes
1487 1170 1639 1211 contra
1672 1166 1720 1211 C.
1742 1167 1927 1212 Fabium
1956 1172 2093 1225 praet.
2125 1172 2283 1220 tuetur,

741 1226 951 1282 profugus
983 1227 1029 1269 in
1059 1225 1243 1268 Italiam.

410 1291 468 1335 83
553 1289 634 1333 671
703 1285 803 1329 Cos.
835 1286 889 1328 L.
928 1285 1083 1327 Cor-nel.
1118 1285 1263 1340 Scipio
1296 1285 1448 1339 Asiat.‚
1487 1285 1531 1328 C.
1563 1287 1708 1328 Iunius
1738 1285 1959 1329 Norbanus
1991 1287 2170 1338 Bulbus,
2212 1285 2287 1341 qui

743 1348 897 1401 postea
929 1344 1071 1387 Rhodi
1101 1345 1419 1401 proscriptione
1452 1346 1624 1388 occisus
1659 1345 1758 1398 est.)
1807 1345 1907 1389 Cos.
1939 1348 2172 1402 prorogato
2206 1343 2284 1388 Cn.

747 1404 958 1457 Carboni,
1001 1404 1071 1446 cui
1105 1406 1308 1459 quaestor
1347 1404 1429 1446 fuit
1461 1403 1510 1447 C.
1534 1405 1707 1458 Verres,
1738 1405 1941 1461 imperio,
1982 1406 2184 1461 ingentes
2216 1416 2287 1446 co-

747 1463 841 1519 pias
875 1462 971 1506 adv.
1005 1462 1175 1506 Sullam
1207 1463 1480 1516 contrahunt,
1513 1464 1618 1506 item
1651 1463 1698 1506 C.
1732 1464 1893 1507 Marius
1925 1463 2062 1517 filius,
2106 1462 2155 1514 Q
2189 1463 2286 1506 Ser-

550 1526 605 1563 24
764 1523 880 1565 orius
912 1525 1100 1577 praetor.
1150 1511 1272 1565 Sulla
1302 1522 1585 1566 Brundisium
1617 1523 1736 1566 venit
1766 1536 1865 1566 cum
1896 1524 2093 1566 exercitu
2123 1521 2149 1565 5
2171 1522 2286 1578 legg.

539 1582 624 1622 Cic.
754 1581 871 1624 6000
903 1582 1094 1637 equitum
1129 1585 1173 1623 et
1203 1593 1301 1623 cum
1335 1581 1384 1633 Q.
1417 1582 1591 1625 Metello
1623 1583 1716 1635 Pio,
1749 1583 1968 1625 constanti
1998 1582 2184 1638 partium
2217 1581 2288 1623 de-

748 1640 936 1693 sensere,
970 1640 1263 1696 coniungitur.
1336 1639 1384 1683 C.
1415 1640 1648 1684 Norbanus
1682 1615 1737 1684 a’d
1749 1630 2006 1684 Canusium
2035 1641 2176 1684 victus
2211 1639 2290 1682 Ca-

750 1712 879 1755 puam
909 1698 1089 1751 recedit,
1121 1698 1171 1741 L.
1204 1699 1425 1754 Scipionis
1458 1701 1676 1743 exercitus
1708 1700 1824 1756 apud
1855 1700 2063 1754 Teanum,
2096 1699 2289 1741 inducia-

750 1771 845 1800 rum
877 1760 1071 1813 tempore
1105 1760 1350 1813 corruptus,
1382 1758 1437 1800 ad
1468 1758 1632 1802 Sullam
1663 1760 1834 1802 transit.
1894 1758 1965 1802 Ad
1996 1758 2178 1801 eundem
2212 1757 2289 1800 Cn.

751 1817 999 1872 Pompeius,
1033 1815 1112 1859 Cn.
1145 1815 1205 1859 fil.
1238 1816 1493 1860 adolescens
1526 1817 1582 1861 23
1615 1831 1838 1871 annorum,
1869 1818 2070 1874 privatim
2102 1817 2291 1860 conscri-

752 1876 840 1932 ptis
873 1877 918 1918 in
948 1876 1112 1918 Piceno
1143 1875 1284 1919 tribus
1315 1875 1432 1933 legg.
1474 1877 1688 1933 victisque
1727 1877 1866 1920 tribus
1907 1877 2097 1920 hostium
2128 1876 2292 1919 exerci-

750 1936 884 1988 tibus,
915 1935 1047 1978 venit.

810 1995 975 2038 Romae
1016 1993 1279 2049 Capitolium
1319 1988 1556 2050 deflagrat,
1603 1993 1712 2050 prid.
1765 1995 1878 2038 Non.
1920 1994 2064 2046 Quint.
2109 1992 2157 2046 Q.
2192 1993 2291 2036 Ser-

753 2055 914 2107 torius,
955 2054 1025 2096 cui
1066 2067 1120 2096 ex
1159 2055 1364 2109 praetura
1400 2053 1612 2110 Hispania
1649 2067 1769 2110 prov.
1811 2056 2034 2107 evenerat,
2075 2065 2125 2096 eo
2164 2051 2292 2108 profi-

754 2114 948 2157 ciscitur.

815 2172 864 2214 L.
898 2171 1075 2213 Murena
1105 2171 1266 2213 bellum
1300 2184 1397 2213 cum
1428 2171 1675 2214 Mithridate
1696 2174 1899 2225 -renovat,
1932 2171 2104 2214 adiutus
2138 2170 2190 2212 ab
2214 2168 2292 2212 Ar-

758 2230 907 2273 chelao
938 2229 1178 2286 transfuga,
1217 2229 1296 2272 sed
1327 2230 1514 2285 repulsis
1547 2230 1756 2273 Romanis
1787 2244 1864 2273 rex
1896 2231 2037 2273 denuo
2071 2228 2294 2284 Cappado-

757 2290 870 2332 ciam
907 2289 1086 2332 invadit.
1159 2288 1347 2332 Galliam
1379 2289 1691 2345 transalpinam
1730 2302 1936 2345 prospere
1976 2290 2090 2344 regit
2131 2288 2178 2330 C.
2209 2287 2293 2330 Va·

711 2354 715 2357 ’
755 2348 888 2391 lerius
919 2348 1119 2390 Flaccus.

423 2411 477 2454 82
561 2408 644 2452 672
709 2407 807 2451 Cos.
846 2408 892 2451 C.
914 2407 1082 2449 Marius
1114 2405 1334 2462 (septiens
1368 2407 1560 2450 consulis
1593 2407 1622 2449 f.
1654 2407 1824 2450 iuvenis
1857 2406 1912 2450 26
1936 2404 2187 2458 annorum),
2224 2405 2294 2447 Cn.

755 2467 954 2521 Papirius
990 2466 1122 2508 Carbo
1153 2466 1244 2508 ΙΙΙ.
1305 2466 1374 2508 Pr.
1408 2467 1565 2509 iterum
1595 2467 1650 2508 M.
1680 2466 1842 2509 Marius
1866 2464 2184 2515 Gratidianus.)
2249 2463 2297 2507 C.

756 2526 916 2568 Marius
949 2539 976 2568 a
1006 2525 1130 2568 Sulla
1162 2525 1217 2567 ad
1248 2525 1444 2581 Signiam
1476 2525 1664 2568 vincitur
1695 2527 1739 2568 et
1761 2525 1996 2568 Praeneste
2027 2524 2177 2566 urbem
2208 2537 2298 2565 mu-

758 2585 1017 2628 nitissimam
1051 2583 1337 2640 compellitur.
1385 2585 1564 2634 ,Romae
1594 2585 1642 2627 L.
1667 2585 1829 2628 Brutus
1859 2583 2148 2639 Damasippus
2177 2595 2299 2638 prae-

757 2646 839 2696 tor,
879 2643 1003 2686 Marii
1035 2643 1228 2687 consulis
1261 2644 1406 2697 iussu,
1445 2644 1636 2699 reliquos
1668 2644 1911 2700 principes,
1944 2643 2017 2698 qui
2049 2655 2145 2684 cum
2178 2641 2303 2684 Sulla

736 2703 919 2753 „sentire
951 2702 1223 2756 videbantur,
1261 2701 1550 2755 interfecerat,
1592 2703 1640 2745 P.
1673 2701 1923 2755 Antistium,
1965 2701 2015 2744 L.
2047 2700 2298 2752 Domitium,

762 2760 811 2813 Q.
835 2761 1104 2804 Scaevolam.
1159 2762 1281 2805 Sulla
1313 2762 1552 2804 obsidionis
1585 2763 1738 2805 Praen.
1773 2762 1877 2805 cui-a
1908 2760 2112 2804 Lucretio
2136 2759 2299 2802 Ofellae

760 2819 1031 2873 demandata,
1054 2821 1234 2864 Romam
1256 2821 1388 2874 venit,
1405 2823 1458 2864 -et
1479 2834 1549 2864 res
1571 2834 1648 2877 pro
1671 2824 1863 2877 tempore
1887 2819 2119 2875 componit.
2163 2817 2301 2862 Carbo

761 2892 860 2921 cum
899 2879 1073 2922 Metello
1105 2880 1183 2922 Pio
1224 2893 1274 2922 ac
1309 2879 1386 2922 Cn.
1420 2881 1626 2936 Pompeio
1666 2881 1711 2923 in
1752 2879 1894 2923 Gallia
1941 2878 2164 2933 cisalpina,
2188 2889 2303 2919 cum

764 2937 961 2982 Serviliis
994 2938 1039 2980 in
1059 2939 1232 2980 Etruria
1261 2942 1448 2994 pugnat:
1481 2939 1655 2981 tandem
1687 2939 1842 2991 victus,
1877 2938 2036 2980 frustra
2067 2936 2183 2978 omni
2198 2938 2305 2978 tem·

762 2999 884 3053 ptata
898 2996 1083 3050 fortuna,
1106 2997 1276 3040 Italiam
1297 2997 1514 3052 relinquit,
1537 2997 1729 3040 Africam
1750 3000 1919 3053 petens,
1943 2995 2021 3038 sed
2038 3008 2136 3037 eum
2157 3007 2180 3036 e
2202 2994 2306 3050 fuga

765 3058 1000 3099 retractum
1033 3056 1110 3099 Cn.
1134 3056 1367 3111 Pompeius
1397 3057 1444 3098 in
1467 3055 1893 3099 Sicilia'necandum
1926 3057 2059 3096 curat.
2122 3053 2304 3096 Pontius

767 3114 1014 3169 TelesinuS,
1047 3117 1198 3158 coacto
1229 3115 1383 3158 40000
1414 3115 1595 3158 Samnit.
1629 3116 1844 3167 exercitu,
1871 3127 1970 3156 cum
1990 3113 2171 3156 Marium
2202 3112 2306 3155 libe-

766 3186 862 3216 rare
900 3186 987 3216 non
1026 3175 1263 3230 potuisset,
1305 3175 1385 3217 sub
1424 3174 1563 3230 ipsius
1604 3175 1724 3217 urbis
1757 3175 1919 3217 Romae
1952 3172 2176 3214 moenibus
2209 3183 2307 3213 cum

769 3233 892 3276 Sulla
930 3232 1151 3290 depugnat
1183 3232 1274 3276 Cal.
1307 3233 1538 3276 Novembr.
1579 3246 1629 3276 ac
1668 3234 1857 3277 vincitur
1887 3232 1942 3275 M.
1976 3230 2125 3274 Crassi
2163 3242 2304 3285 opera.

767 3292 1002 3336 Praeneste
1025 3293 1215 3335 deditur·
1250 3292 1296 3336 C.
1320 3293 1480 3335 Marius
1504 3295 1642 3335 semet
1662 3293 1756 3348 ipse
1778 3291 2008 3343 interimit3
2041 3290 2159 3332 cives
2180 3289 2308 3331 Prae·

711 3368 714 3371 ⁴
770 3351 932 3394 nestini
963 3352 1212 3404 caeduntur,
1245 3352 1339 3408 agri
1370 3352 1656 3408 publicantur.

830 3409 923 3452 Iam
952 3423 1053 3453 vero
1077 3407 1176 3452 Su·
1180 3420 1239 3451 LA
1275 3411 1413 3454 victor
1443 3410 1788 3454 adversariorum
1818 3410 1864 3452 in
1893 3422 1983 3464 rep.
2014 3406 2203 3450 omnium
2231 3418 2310 3460 per

774 3469 822 3512 L.
855 3469 1076 3513 Valerium
1114 3470 1342 3522 Flaccum,
1390 3470 1627 3526 principem
1668 3471 1869 3521 senatus,
1916 3467 2172 3520 interregem
2213 3466 2308 3506 dict.

761 3537 980 3586 perpetuus
1027 3538 1184 3571 creatur
1230 3529 1303 3580 (L.
1329 3502 1502 3573 ’Valerio
1534 3529 1694 3572 Flacco
1725 3539 1838 3583 mag.
1874 3525 1980 3581 eq.,)
2019 3537 2096 3580 per
2127 3523 2310 3567 eundem

2387 1405 2392 1464 ἑ
