2392 4016
320 202 402 246 186

476 361 497 383 u
525 360 555 382 c·
616 351 702 393 imp.

316 359 350 390 p.
367 350 405 381 o.

286 1048 402 1093 ‘365
466 1049 579 1093 1118

315 1523 401 1566 366
467 1523 579 1567 1119

316 1937 401 1980 367
466 1936 581 1980 1120

316 2467 403 2511 368
467 2468 578 2511 1121

317 2761 403 2805 369
468 2761 582 2804 1122

320 3173 408 3218 370
471 3173 584 3218 1123

1085 207 1261 247 Annales
1292 208 1463 248 Romani

770 399 988 442 nectutem
1037 411 1158 442 suam
1197 401 1455 442 excusasset
1493 397 1644 451 (Febr.
1674 401 1769 453 26.)
1809 404 1899 445 FL.
1943 404 2235 447 VALENTI-

769 457 1011 500 NIANUS
1041 458 1197 501 absens
1229 458 1464 514 imperator
1502 451 1696 513 creatur,
1715 462 1914 505 tribunus
1947 463 2130 505 militum
2162 463 2235 506 do-

768 517 1060 569 mesticorum,
1093 516 1151 560 43
1174 530 1308 560 annos
1332 519 1474 569 natue,
1505 518 1580 573 qui
1599 520 1727 574 paulo
1747 525 1848 576 post
1879 521 2236 574 VALENTEM,

769 575 945 618 fratrem
968 588 1108 628 suum,
1131 575 1170 618 d.
1195 575 1250 618 28
1272 576 1395 619 Mart.
1417 576 1588 631 imperii
1608 583 1851 622 consortem
1875 580 2077 632 declarat,
2110 582 2235 636 eique

769 637 906 678 totum
929 634 1149 678 Orientem
1181 647 1279 678 cum
1303 634 1694 691 Constantinopoli,
1723 638 1893 694 imperii
1925 640 2041 691 sede,
2072 641 2236 683 tribuit.

771 694 871 749 Ipse
905 693 1185 736 Occidentem
1217 694 1301 736 sibi
1332 694 1477 750 eligit,
1507 694 1635 738 homo
1666 709 1824 751 parcus
1858 702 1901 741 et
1932 699 2118 751 sobrius,
2149 711 2237 742 mo·

770 753 944 796 deratus
976 753 1022 795 in
1053 753 1312 809 religionum
1344 753 1617 807 diversitate,
1659 755 1736 798 sed
1771 756 1885 799 idem
1917 770 2072 800 saevus
2105 761 2149 800 et
2177 757 2238 799 fa-

769 813 866 855 cilis
907 811 962 854 ad
999 812 1120 854 iram.
1185 812 1341 855 Statim
1374 812 1705 856 Valentinianus
1748 815 1926 858 liberam
1966 817 2035 859 dei
2067 817 2238 859 colendi

768 871 1018 914 facultatem
1041 871 1254 924 omnibus,
1287 871 1365 914 sed
1395 874 1539 915 tamen
1571 873 1664 915 sine
1696 876 1945 930 contemptu
1968 875 2238 918 Christianae

768 930 1008 985 religionis,
1039 931 1274 985 permittit,
1307 931 1436 973 etiam
1466 931 1787 987 haruspicinam
1817 933 2041 978 maleficiis
2074 935 2237 977 eximit.

770 988 920 1031 Italiae
953 990 1114 1031 statum
1147 989 1442 1044 compluribus
1472 989 1643 1045 legibus
1677 991 1858 1035 ordinat.

729 1047 1058 1091 Valentinianus
1091 1048 1366 1090 consulatum
1394 1047 1640 1100 Mediolani,
1670 1049 1802 1092 frater
1833 1051 2002 1106 collega
2026 1050 2237 1095 Constan-

709 1143 712 1146 Α
765 1106 951 1161 tinopoli
987 1106 1081 1148 init.
1151 1106 1416 1162 Symmachus
1454 1106 1700 1161 praefectus
1750 1109 1846 1151 urbi
1893 1109 2108 1162 (Romae)
2155 1115 2236 1153 est.

770 1164 1032 1208 Defensores
1065 1165 1289 1207 civitatum
1328 1165 1409 1208 hoc
1439 1164 1530 1208 fere
1571 1167 1765 1221 tempore
1795 1167 2093 1210 instituuntur.
2154 1170 2239 1211 Va-

767 1225 918 1267 lentin.
959 1224 1152 1266 Parisios
1193 1223 1497 1280 proficiscitur.
1567 1223 1752 1268 Valente
1789 1225 1900 1269 forte
1940 1227 1985 1269 in
2023 1226 2130 1270 Asia
2167 1228 2239 1270 ab·

771 1286 907 1336 sente,
939 1283 1177 1337 Procopius,
1212 1297 1235 1326 e
1267 1283 1445 1326 latebris
1477 1296 1719 1339 emergens,
1751 1283 1807 1328 28
1839 1285 1959 1341 Sept.
1994 1285 2241 1330 Constanti-

768 1343 917 1398 nopoli
954 1356 1188 1398 purpuram
1213 1343 1380 1395 sumit,
1421 1342 1580 1385 multos
1621 1342 1676 1385 ad
1713 1346 1858 1398 partes
1899 1357 2000 1387 suas
2039 1345 2240 1398 traducit,

771 1402 1088 1445 Chalcedonem
1122 1403 1307 1458 occupat
1337 1404 1381 1444 et
1410 1401 1510 1444 inde
1542 1401 1771 1445 Valentem
1801 1404 1984 1459 repellit.
2045 1404 2241 1460 Eclipsin

776 1461 882 1504 solis
914 1462 1117 1504 observat
1149 1461 1300 1503 Theon
1333 1460 1670 1504 Alexandrinus.

732 1520 965 1573 Gratiano,
996 1520 1269 1563 nobilissimo
1300 1532 1435 1575 puero
1451 1552 1461 1572 ‚
1495 1522 1539 1562 et
1569 1520 1860 1576 Dagalaipho,
1890 1521 2099 1578 magistro
2130 1522 2240 1565 mili-

766 1582 859 1622 tum
890 1592 967 1635 per
1000 1578 1188 1631 Gallias,
1229 1591 1319 1621 cos.
1350 1578 1589 1634 Procopius
1630 1580 1676 1622 in
1706 1580 1898 1635 Phrygia
1937 1581 2077 1623 victus
2108 1581 2241 1624 inter-

767 1637 924 1681 ficitur.
994 1637 1159 1681 Eodem
1208 1637 1341 1680 ferme
1380 1641 1575 1693 tempore
1613 1637 1903 1691 Alemannos,
1954 1638 2139 1682 Galliam
2175 1641 2239 1682 in-

769 1699 1009 1750 cursantes,
1044 1696 1219 1740 Iovinus
1248 1697 1546 1739 Valentiniani
1577 1697 1786 1752 auspiciis
1816 1698 1982 1752 proelio
2014 1698 2128 1754 apud
2160 1698 2240 1742 Ca-

770 1756 969 1798 talaunos
1002 1755 1151 1798 vincit.
1216 1755 1380 1798 Civitas
1413 1756 1608 1798 Romana
1639 1756 1926 1799 seditionibus
1958 1759 2002 1799 et
2033 1758 2238 1800 caedibus

768 1816 999 1867 miscetur,
1041 1814 1143 1856 dum
1172 1815 1383 1856 Damasus
1419 1817 1464 1857 et
1502 1814 1673 1856 Ursinus
1711 1815 1764 1857 de
1796 1816 2051 1871 episcopatu
2093 1817 2239 1860 decer-

767 1876 876 1917 tant.
938 1872 1101 1925 (Amm.
1126 1872 1196 1926 27,
1229 1872 1296 1924 3.)

732 1934 833 1978 Cos.
855 1933 1068 1989 Lupicino
1100 1934 1144 1975 et
1173 1932 1325 1975 Iovino
1348 1932 1509 1976 Valens
1541 1931 1788 1975 Danubium
1809 1934 2123 1988 transgressus
2155 1933 2241 1977 Go-

769 1993 954 2045 thorum,
987 2004 1170 2047 quorum
1202 1991 1377 2035 auxiliis
1408 1991 1649 2047 Procopius
1682 1990 1857 2034 adiutus
1887 1991 2046 2044 fuerat,
2082 1996 2241 2036 terram

769 2054 923 2095 vastat.
985 2051 1341 2103 Valentinianus,
1386 2050 1634 2106 periculoso
1672 2051 1822 2094 morbo
1861 2051 2089 2103 liberatus,
2135 2052 2243 2095 Gra-

771 2113 936 2164 tianum,
967 2111 1175 2153 maiorem
1205 2109 1355 2161 filium,
1388 2110 1610 2152 etiamtum
1641 2123 1821 2164 puerum
1854 2110 2019 2161 (natum
2053 2110 2106 2153 18
2135 2109 2240 2166 Apr.

770 2170 842 2212 vel
872 2169 928 2213 23
949 2170 1046 2212 Mai.
1081 2183 1183 2221 ann.
1204 2168 1288 2212 259
1324 2168 1492 2220 Sirmii)
1522 2168 1569 2210 in
1591 2167 1817 2211 Ambianis
1850 2167 2066 2221 (Amiens)
2097 2170 2242 2224 Λαρα-

769 2238 872 2271 stum
903 2229 1100 2270 declarat.
1162 2228 1414 2279 Britannia,
1446 2228 1636 2282 graviter
1666 2230 1824 2273 vexata
1853 2241 1879 2269 a
1908 2228 2045 2270 Pictis
2077 2228 2242 2272 Scotis-

771 2301 875 2343 que,
916 2287 1104 2330 adventu
1147 2287 1364 2328 Theodosii
1403 2284 1587 2328 Comitis
1623 2288 1865 2328 recreatur:
1904 2286 2064 2329 limites
2104 2300 2241 2342 usque

770 2347 824 2389 ad
864 2348 989 2389 vetus
1021 2345 1231 2388 Antonini
1269 2345 1430 2388 vallum
1471 2343 1748 2399 proferuntur
1779 2344 1955 2400 (itaque
1987 2359 2099 2388 nova
2127 2346 2243 2389 facta

767 2405 992 2461 provincia
1031 2403 1262 2456 Valentia),
1295 2417 1345 2446 ac
1377 2403 1615 2446 firmantur.

731 2464 1039 2508 Valentiniano
1072 2466 1116 2506 et
1145 2463 1330 2507 Valente
1361 2462 1505 2518 Augg.
1535 2462 1579 2504 II
1621 2474 1709 2505 cos.
1741 2460 1970 2504 Alemanni
2000 2462 2241 2518 Moguntia-

770 2537 868 2567 cum
900 2523 1120 2578 diripiunt.
1173 2522 1506 2565 Valentinianus
1528 2521 1728 2564 Rhenum
1758 2521 1920 2563 traiicit
1950 2522 2242 2577 barbarosque

769 2584 815 2626 in
845 2584 1041 2638 ipsorum
1071 2584 1187 2624 terra
1219 2581 1376 2636 (prope
1409 2579 1692 2630 Solicinium)
1723 2579 1944 2635 profligat:
1987 2593 2242 2636 omnemque

767 2643 905 2697 ripam
933 2640 1123 2684 fluminis
1156 2639 1393 2696 (proximis
1425 2639 1579 2692 annis)
1611 2639 1803 2682 castellis
1836 2638 2115 2682 aedificandis
2146 2653 2244 2695 per-

769 2701 921 2743 munit.

733 2759 1059 2810 Valentiniano,
1099 2757 1371 2800 nobilissimo
1402 2768 1535 2813 puero
1567 2754 1791 2809 (Valentis
1822 2754 1951 2808 filio),
1991 2759 2035 2799 et
2066 2756 2242 2800 Victore

775 2817 1196 2873 cOS.Visigothorum
1217 2816 1349 2858 iudex
1357 2816 1638 2858 Athanaricus
1660 2816 1781 2867 (nam
1804 2815 1885 2858 toti
1906 2816 2027 2871 genti
2046 2819 2244 2871 praeerat

770 2891 849 2919 rex
878 2874 1199 2926 Ermanaricus)
1239 2889 1390 2931 pacem
1428 2875 1540 2930 petit
1579 2888 1605 2916 a
1635 2874 1842 2926 Valente,
1884 2875 2088 2917 continuo
2127 2875 2242 2918 bello

771 2936 1023 2979 exhaustus.
1088 2934 1276 2990 Sapores
1308 2935 1437 2977 rebus
1468 2933 1700 2976 Armeniae
1739 2933 2009 2975 immiscetur
2040 2935 2084 2976 et
2112 2933 2242 2976 Arsa-

773 3008 868 3039 cem
896 3007 1046 3050 regem
1077 2996 1252 3048 captum
1284 2993 1468 3045 occidit,
1509 2993 1583 3047 qui
1614 2992 1770 3035 deinde
1800 2994 2034 3047 perpetuae
2066 2995 2241 3035 conten-

772 3054 905 3096 tionis
929 3053 1026 3096 fons
1049 3054 1130 3104 est,
1163 3052 1264 3094 dum
1286 3052 1447 3095 Valens
1468 3050 1718 3094 Armeniam
1737 3053 1896 3103 tuetur,
1928 3063 2068 3106 neque
2098 3054 2243 3094 tamen

773 3115 968 3169 apertum
997 3112 1159 3155 bellum
1190 3111 1398 3154 adversus
1430 3110 1587 3152 Persas
1620 3110 1841 3165 suscipere
1874 3109 2015 3152 audet.

734 3172 1040 3216 Valentiniano
1083 3173 1127 3213 et
1155 3170 1339 3214 Valente
1370 3169 1512 3225 Augg.
1546 3168 1611 3212 III
1644 3181 1734 3212 cos.
1766 3168 2097 3212 Valentinianus
2129 3169 2242 3211 litte-

771 3244 916 3273 rarum
957 3229 1112 3272 studiis
1154 3229 1324 3285 legibus
1365 3228 1564 3272 consulit.
1629 3227 1901 3270 Theodosius
1934 3240 1990 3270 ex
2019 3228 2244 3271 Britannia

772 3290 910 3333 redux
931 3289 1138 3344 magister
1159 3289 1352 3343 equitum
1371 3286 1528 3339 factus,
1559 3287 1788 3331 Venetiam
1819 3300 1844 3328 a
1873 3287 2068 3329 barbaris
2099 3289 2244 3329 tuetur

777 3362 826 3392 ac
858 3348 1012 3391 firmat.
1063 3348 1255 3391 Basilius
1290 3342 1315 3389 ὃ
1346 3348 1483 3404 μέγας
1516 3346 1728 3390 ecclesiae
1752 3345 2036 3389 Caesareensi
2066 3346 2111 3388 in
2134 3344 2243 3400 Cap·

684 3411 688 3414 ’
774 3407 958 3463 padocia
989 3407 1220 3462 episcopus
1252 3405 1513 3461 praeficitur.

320 3467 404 3510 371
473 3468 586 3510 1124
647 3467 675 3510 8
737 3468 837 3511 Cos.
862 3465 1068 3509 Gratiano
1090 3464 1201 3520 Aug.
1227 3465 1270 3508 II
1303 3467 1345 3508 et
1367 3465 1469 3507 Sex.
1491 3463 1647 3507 Anicio
1670 3463 1872 3506 Petronio
1894 3463 2035 3505 Probo
2055 3463 2242 3503 Saxones

775 3526 965 3567 latrones
999 3522 1184 3566 Galliam
1213 3523 1441 3566 infestant:
1483 3523 1767 3566 circumventi
1798 3535 1823 3564 a
1853 3521 2058 3564 Romanis
2091 3522 2242 3561 contra

773 3583 903 3627 fidem
949 3582 1219 3627 induciarum
1268 3582 1517 3625 caeduntur.
1587 3580 1753 3633 (Amm.
1785 3579 1856 3633 28,
1887 3578 1956 3631 5.)
2023 3577 2239 3621 Valentin.
