2392 4016
322 226 406 271 154
1093 225 1270 265 Annales
1300 225 1473 266 Romani

334 373 425 462 p76C
470 382 556 462 8²2}
615 382 703 413 unp.
741 417 844 461 Cos.
875 416 981 473 Imp.
1006 417 1304 473 Vespasianus
1326 415 1425 469 VII,
1458 415 1585 459 Titus
1618 415 1781 460 Caesar
1801 416 1840 459 V
1873 416 1994 468 (suff.
2030 417 2097 459 Ti.
2130 418 2237 461 Plau

776 476 864 519 tius
896 476 1101 520 Silvanus
1133 476 1216 527 II.)
1267 476 1474 519 Nascitur
1505 488 1542 517 a.
1567 475 1607 518 d.
1643 484 1695 517 lx
1729 475 1820 519 Cal.
1852 476 1979 519 Febr.
2011 476 2255 519 Hadrianus

773 549 831 579 un
868 568 877 578 .

351 595 406 638 77
469 595 557 640 830
737 549 864 639 Cos.p
878 594 984 650 Imp.
1018 593 1202 651 Vespas.
1234 592 1364 646 VIII,
1399 593 1526 636 Titus
1560 592 1722 636 Caesar
1750 592 1846 646 VI.)
1913 594 1957 636 Ο.
1989 594 2152 636 Plinius
2183 595 2257 637 Se-

781 659 946 704 cundus,
979 654 1128 706 maior,
1159 652 1299 706 floret,
1331 653 1408 708 qui
1438 652 1777 695 eruditissimum
1810 653 2018 695 naturalis
2050 653 2257 696 historiae

778 726 886 769 opus
910 713 1010 755 Tito
1035 711 1214 755 Caesari
1246 713 1392 755 sexies
1427 711 1599 755 consuli
1628 712 1915 768 inscripserit.
1963 712 2145 755 Suffecti
2167 726 2257 756 cos.

583 819 587 822 ,
632 774 657 816 9
781 772 1012 815 traduntur
1043 771 1180 815 fuisse
1211 770 1487 814 Domitianus
1512 770 1674 814 Caesar
1694 770 1770 824 VI,
1806 771 1876 813 Cn.
1894 772 2028 813 Iulius
2042 772 2256 826 Aqricola,

773 831 849 888 qui
879 831 1052 887 quidem
1084 831 1305 883 continuo,
1339 833 1570 887 postquam
1603 830 1834 873 consulatu
1854 830 2028 873 functus
2052 834 2133 883 est,
2163 831 2257 874 Bri·

771 891 946 933 tanniae
982 891 1276 946 praeponitur.

354 950 413 993 78
475 949 558 993 831
744 949 845 993 Cos.
877 950 926 992 L.
961 948 1166 992 Ceionius
1199 948 1476 1000 Commodus,
1508 948 1560 994 D.
1592 947 1759 991 Novius
1790 947 2002 1002 Priscus.)
2055 949 2260 1005 Agricola
2349 936 2354 940 ’

775 1021 874 1050 cum
906 1007 1142 1051 Ordovices
1182 1008 1368 1050 rebelles
1407 1007 1670 1060 domuisset,
1710 1008 1966 1064 Monamque
1996 1009 2183 1051 insulam
2212 1009 2258 1051 in

782 1069 1045 1122 potestatem
1075 1067 1334 1121 redegisset,
1365 1066 1593 1120 imperium
1613 1066 1856 1109 Romanum
1887 1068 2017 1110 etiam
2043 1069 2258 1123 aequitate

622 1125 677 1169 10
778 1128 821 1168 et
852 1125 1081 1181 prudentia
1111 1125 1335 1167 Britannis
1369 1127 1597 1180 acceptum
1627 1125 1783 1167 reddit.

353 1185 409 1228 79
472 1184 557 1228 832
740 1183 842 1227 Cos.
875 1184 983 1240 Imp.
1016 1183 1205 1240 Vespas.
1237 1183 1318 1236 IX,
1352 1183 1478 1226 Titus
1512 1182 1673 1226 Caesar
1694 1182 1812 1236 VII.)
1871 1184 2034 1227 Romae
2064 1186 2260 1228 coniura-

775 1244 940 1286 tionem
971 1243 1125 1286 initam
1153 1243 1206 1286 A.
1229 1242 1418 1286 Caecina
1448 1244 1494 1285 et
1512 1242 1670 1298 Eprius
1692 1242 1921 1286 Marcellus
1952 1246 2090 1286 morte
2120 1244 2260 1296 luunt,

781 1303 861 1346 sed
899 1302 1050 1346 eodem
1089 1317 1127 1346 a.
1163 1302 1462 1358 Vespasianus
1505 1315 1543 1343 a.
1586 1301 1626 1344 d.
1670 1301 1695 1344 9
1730 1301 1821 1344 Cal.
1852 1302 1932 1344 Iul.
1972 1302 2083 1345 febri
2122 1304 2261 1346 extin-

776 1363 924 1418 guitur
946 1361 1134 1415 Cutiliis,
1166 1374 1251 1418 quo
1285 1374 1331 1404 se
1363 1361 1625 1406 valetudinis
1657 1373 1793 1403 causa
1813 1361 2067 1414 contulerat,
2101 1376 2260 1404 annum

776 1435 801 1463 a
834 1434 911 1464 ens
944 1422 1015 1465 70.

633 1481 654 1523 l
741 1435 940 1533 TIgTUS,
972 1479 1088 1523 haud
1120 1478 1314 1523 secunda
1344 1478 1459 1522 fama
1478 1479 1770 1536 principatum
1793 1479 1991 1535 adeptus,
2022 1493 2125 1522 mox
2146 1493 2260 1523 sum·

775 1553 892 1582 mum
931 1540 1103 1596 generis
1152 1539 1329 1581 humani
1367 1550 1556 1581 amorem
1594 1541 1807 1591 meretur,
1851 1539 1952 1581 dum
1993 1539 2165 1592 sedulo,
2213 1543 2263 1582 ut

624 1604 674 1637 tr.
775 1599 974 1642 omnibus
1015 1599 1119 1641 boni
1155 1598 1366 1654 principis
1410 1597 1566 1640 officiis
1599 1597 1906 1654 perfungatur,
1946 1599 2126 1641 laborat.
2194 1598 2260 1642 Ac

603 1664 688 1708 pot.
777 1659 937 1701 multae
968 1670 1238 1714 magnaeque
1272 1657 1543 1700 calamitates
1574 1658 1804 1713 ingruunt,
1844 1670 1954 1713 quae
1986 1658 2079 1700 eius
2113 1671 2259 1700 curam

634 1720 658 1756 8
777 1717 1039 1760 desiderent.
1110 1716 1161 1758 A.
1195 1716 1236 1758 d.
1271 1716 1296 1758 9
1331 1715 1422 1758 Gal.
1457 1716 1577 1772 Sept.
1620 1717 1784 1758 Vesuvii
1813 1719 1958 1759 montis
1987 1719 2260 1772 conflayratio

779 1775 1041 1832 Campaniae
1073 1788 1192 1818 oram
1223 1777 1381 1827 vastat,
1414 1776 1543 1818 urbes
1566 1776 1865 1818 Herculaneum
1887 1779 1931 1818 et
1951 1776 2166 1831 Pompeios
2194 1789 2259 1819 se-

777 1836 898 1891 pelit.
957 1834 1124 1886 (Etiam
1157 1833 1206 1877 C.
1238 1834 1422 1886 Plinius,
1453 1837 1545 1876 tum
1578 1834 1711 1878 classi
1731 1835 1969 1878 Misenensi
1999 1835 2260 1890 praefectus,

774 1895 820 1937 in
850 1897 1010 1938 terram
1043 1905 1248 1950 egressus
1280 1892 1424 1949 perit.)

353 1951 411 1996 80
471 1952 558 1997 833
635 1953 661 1996 2
741 1954 841 1996 Tito
864 1953 984 2006 VIII,
1016 1953 1265 1996 Domitiano
1287 1952 1372 1996 VII
1403 1964 1492 1995 cOS.
1525 1951 1656 2004 (suff.
1688 1951 1738 1994 L.
1769 1950 1920 2001 Aelius
1952 1952 2149 1995 Plautius
2180 1953 2261 1995 La-

776 2013 864 2055 mia
894 2012 1115 2064 Aelianus,
1150 2011 1199 2064 Q.
1233 2012 1510 2054 Pactumeius
1542 2012 1721 2064 FrontO,
1759 2010 1807 2054 C.
1838 2011 1999 2054 Marius
2030 2012 2260 2055 Marcellus

778 2073 984 2115 Octavius
1024 2071 1206 2115 Publius
1250 2070 1430 2114 Cluvius
1474 2070 1645 2122 Rufus.)
1714 2071 1878 2113 Romae
1919 2071 2076 2126 ingens
2113 2072 2260 2114 incen-

619 2136 668 2170 tr.
758 2132 896 2174 -dium
930 2131 1083 2183 saevit,
1125 2129 1241 2186 quod
1271 2130 1605 2186 pulcherrimam
1636 2130 1756 2173 urbis
1787 2133 1955 2186 partem
1987 2132 2031 2172 et
2061 2143 2258 2186 campum

604 2196 690 2242 pot.
779 2190 929 2234 Martis
952 2190 1163 2242 devastat,
1195 2190 1489 2244 templumque
1512 2188 1748 2245 Capitolini
1768 2189 1885 2232 Iovis
1908 2190 2109 2242 absumit,
2130 2190 2258 2245 paulo

638 2253 661 2288 9
779 2251 881 2305 post
905 2249 1164 2305 gravissima
1185 2248 1456 2304 pestilentia:
1481 2249 1584 2291 dum
1604 2249 1778 2291 interim
1794 2248 2013 2303 Agricola,
2035 2248 2262 2291 Britannia

777 2311 954 2364 pacata,
994 2320 1132 2363 usque
1164 2307 1219 2349 ad
1251 2307 1390 2349 Taum
1432 2308 1696 2350 aestuarium
1729 2307 1879 2358 (hodie
1910 2307 2034 2349 Frith
2065 2307 2112 2350 of
2139 2307 2259 2364 Tay)

785 2380 884 2410 cum
921 2368 1118 2410 exercitu
1147 2369 1358 2422 penetrat.

356 2424 407 2468 81
472 2425 559 2469 834
638 2426 666 2470 3
744 2425 845 2470 Cos.
877 2426 926 2470 L.
957 2426 1136 2469 Flavius
1169 2426 1290 2469 Silva
1320 2425 1489 2468 Nonius
1521 2424 1703 2477 Bassus,
1736 2424 1916 2467 Asinius
1938 2424 2079 2468 Pollio
2101 2425 2260 2469 Verru-

783 2498 913 2529 cosus
946 2485 1070 2537 (suff.
1093 2485 1142 2527 L.
1161 2485 1335 2528 Vettius
1357 2484 1550 2536 Paullus,
1583 2484 1634 2526 T.
1657 2484 1807 2526 Iunius
1828 2483 2094 2536 Montanus.)
2134 2483 2262 2540 Agri-

782 2545 892 2598 cola,
924 2544 1203 2587 munimentis
1241 2545 1356 2586 inter
1389 2543 1562 2587 Glotam
1595 2545 1639 2585 et
1670 2542 1921 2586 Bodotriam
1952 2556 2101 2586 amnes
2132 2543 2260 2587 factis

783 2599 925 2656 (inter
954 2604 1077 2646 Frith
1110 2603 1158 2646 of
1175 2602 1313 2658 Clyde
1346 2605 1390 2645 et
1410 2602 1459 2644 F.
1483 2601 1531 2645 of
1546 2602 1720 2655 Forth),
1752 2602 2021 2658 provinciam
2053 2603 2261 2646 adversus

782 2663 1118 2707 Caledoniorum
1147 2663 1336 2718 impetus
1367 2661 1522 2704 firmat.

628 2727 678 2762 tr·
839 2723 1003 2765 Romae
1035 2722 1161 2764 Titus
1194 2722 1556 2778 amphitheatrum
1594 2722 1638 2763 et
1666 2720 1880 2772 thermas,
1922 2733 2055 2776 opera
2085 2733 2110 2762 a
2139 2723 2262 2776 patre

607 2787 693 2831 pot.
783 2784 958 2836 coepta,
998 2780 1169 2837 perficit
1206 2793 1256 2824 ac
1296 2780 1411 2823 ludis
1443 2778 1689 2836 magnificis
1726 2779 1912 2826 dedicat.
1978 2779 2115 2822 Paulo
2146 2782 2261 2835 post,

630 2842 682 2879 10
785 2840 934 2883 Idibus
969 2840 1103 2896 Sept„
1151 2839 1223 2883 40.
1267 2840 1422 2883 aetatis
1464 2851 1576 2882 anno
1616 2839 1766 2882 morbo
1799 2839 2089 2893 extinguitur,
2137 2839 2261 2882 cuius

784 2911 960 2942 causam
980 2899 1095 2941 fama
1114 2899 1308 2954 vulgaris
1328 2899 1374 2941 in
1396 2898 1690 2941 Domitianum
1710 2897 1887 2941 fratrem
1908 2897 2106 2949 contulit,
2137 2898 2261 2940 cuius

781 2957 953 3001 insidiis
986 2970 1117 3014 saepe
1151 2961 1279 3000 antea
1309 2958 1473 3014 petitus
1504 2957 1674 3000 fuisset.
1736 2956 2157 3007 DOMITIANUS,
2188 2957 2263 3012 qui

786 3018 838 3060 ab
872 3029 922 3059 eo
955 3017 1025 3059 die
1055 3017 1334 3059 tribuniciam
1364 3018 1625 3072 potestatem
1658 3018 1869 3068 numerat,
1910 3028 2053 3058 rerum
2083 3016 2262 3071 potitur,

634 3082 684 3116 tr.
784 3076 1027 3132 imperandi
1071 3076 1369 3131 honorumque
1418 3075 1728 3130 cupidissimus
1778 3075 1962 3130 (quippe
2003 3076 2078 3130 qui
2115 3075 2261 3118 decies

612 3141 699 3185 pot.
790 3136 952 3191 septies
986 3147 1076 3178 cos.
1108 3133 1283 3187 fuerit),
1325 3133 1404 3177 sed
1434 3134 1612 3176 timidus
1645 3146 1695 3176 ac
1729 3134 2014 3189 suspiciosus,
2054 3134 2263 3189 optimum

648 3197 669 3234 1
790 3199 1025 3250 quemque,
1066 3194 1278 3250 imprimis
1311 3193 1446 3249 patris
1477 3192 1709 3248 fratrisque
1741 3194 1926 3246 amicos,
1964 3193 2137 3236 insidiis
2169 3206 2264 3249 per-

789 3265 990 3309 sequens.
1052 3254 1235 3296 Militum
1269 3252 1486 3308 stipendia
1515 3253 1644 3295 tertia
1674 3254 1796 3309 parte
1826 3255 1981 3308 auget,
2019 3255 2068 3295 ut
2098 3264 2263 3295 annuos

786 3311 1008 3355 duodenos
1041 3325 1195 3355 aureos
1227 3312 1457 3368 accipiant.

362 3368 419 3413 82
481 3369 567 3415 835
649 3372 687 3415 1,
751 3371 852 3415 Cos.
883 3371 991 3427 Imp.
1024 3371 1296 3414 Domitianus
1318 3370 1439 3423 VIII,
1473 3370 1523 3413 T.
1546 3370 1725 3413 Flavius
1747 3370 1937 3414 Sabinus
1968 3367 2084 3421 (suff.
2117 3368 2164 3411 P.
2179 3369 2264 3412 Va-

788 3431 921 3474 lerius
953 3430 1211 3484 Patruinus,
1249 3430 1300 3473 L.
1332 3428 1548 3472 Antonius
1581 3428 1833 3479 Liberalis.)
1896 3428 2021 3474 Hunc
2052 3428 2262 3483 collegam

789 3502 915 3534 suum
947 3491 991 3531 et
1020 3490 1258 3543 patruelem
1280 3490 1554 3532 Domitianus
1585 3488 1804 3540 interficit,
1837 3487 1948 3530 Iulia
1970 3499 2102 3529 uxore
2131 3487 2263 3538 illius,

794 3549 1029 3606 eademque
1054 3548 1161 3606 Imp.
1185 3548 1275 3591 Titi
1295 3548 1398 3602 filia,
1420 3548 1649 3605 potiturus.
1698 3546 1959 3604 Capitolium
1978 3545 2232 3588 restituitur.
