2392 4016
1066 204 1224 246 Sicilia.

178 390 278 494 Ιρῗο
309 390 596 449 Agathocles,
635 396 690 450 ad
721 395 972 440 solvendam
1014 397 1132 440 urbis
1174 397 1487 452 obsidionem„
1506 399 1550 450 in
1582 399 1771 443 Africam

255 452 397 495 raiicit
1296 475 1298 477 >
1483 469 1486 475 ·

177 510 329 554 Victor
359 510 524 568 aliquot
552 525 611 568 pu
644 513 711 556 nis
745 512 983 568 Ophellam,
1016 513 1311 570 Cyrenaeum,
1350 513 1407 557 ad
1438 525 1560 570 spem
1593 514 1771 558 Cartha-

234 569 350 625 ginis
381 582 611 628 expugnan
643 584 694 620 ae
725 571 925 624 advocat,
957 585 1060 615 mox
1090 572 1179 615 vita
1210 574 1255 616 et
1284 572 1481 616 exercitu
1511 573 1653 630 privat

177 627 265 671 Sed
296 627 396 671 dum
426 629 472 673 in
503 628 657 674 Sicilia
685 629 796 673 forte
828 630 966 685 abest,
1006 642 1078 674 res
1110 631 1206 674 eius
1237 631 1283 674 in
1315 630 1464 674 Africa
1503 630 1769 688 affliguntur,

233 699 357 801 ἔξὲῗέ.
389 687 1671 806 111ΜῇίίἒὲῗῇΙιίξιῖυξίιιιἑτῗὶῖῗξζθῗξὲἒίᾶαῇὲἶᾞξοιιῗξυὲιῖῗο
1694 704 1768 793 Ἐξ

231 805 360 849 bitrio
390 817 488 848 cum
521 804 665 849 Carth.
698 809 963 863 componunt
1597 859 1605 863 ,

173 864 438 921 Agathocles
469 864 514 907 in
536 863 689 908 Sicilia
709 865 1048 922 intemperanter
1067 866 1266 922 potentia
1286 866 1479 910 abutitur
1498 878 1768 925 regnumque

231 923 389 966 civium
421 922 625 968 caedibus
657 926 785 980 atque
817 924 962 968 exiliis
996 923 1224 968 confirmat

171 981 328 1025 Animo
361 981 413 1024 ad
443 995 514 1026 res
537 982 712 1026 Italicas
734 983 946 1037 adverso,
966 982 1154 1028 Crotone
1175 984 1353 1041 potitur,
1385 984 1501 1028 bella
1521 996 1619 1028 cum
1641 985 1769 1029 Brut-

229 1041 303 1084 tiis
334 1041 447 1097 gerit
474 1096 476 1098 V

173 1099 351 1143 Veneno
383 1113 409 1142 a
427 1099 637 1142 Maenone
669 1099 912 1156 Segestano
944 1101 1219 1155 interimitur,
1251 1104 1296 1146 et
1323 1104 1539 1145 crematur
1566 1102 1767 1158 spiritum

231 1157 410 1211 ducens,
439 1160 668 1214 postquam
688 1158 756 1203 ,28
789 1168 926 1203 annos
959 1161 1160 1216 regnavit

171 1217 353 1260 Maenon
376 1231 402 1259 a
422 1215 568 1260 Carth.
601 1217 789 1271 adiutus,
821 1219 994 1262 sublata
1023 1219 1145 1275 regia
1176 1218 1318 1272 domo,
1349 1222 1561 1275 tyrannus
1592 1219 1655 1274 fit,
1688 1220 1766 1263 sed

230 1276 283 1319 ab
315 1276 471 1319 Hiceta
501 1276 667 1320 eiectus
685 1278 824 1333 perit.

174 1334 427 1387 Mamertini,
458 1347 619 1390 genere
651 1334 860 1392 Campani
890 1338 935 1379 et
964 1337 1222 1380 mercenarii
1253 1336 1369 1393 apud
1398 1335 1555 1393 Agath.
1588 1336 1764 1389 milites,

229 1396 330 1450 post
358 1394 453 1436 eius
484 1396 666 1437 mortem
695 1394 741 1437 in
779 1395 963 1451 patriam
993 1394 1251 1448 redeuntes,
1292 1395 1493 1439 Messana
1523 1395 1653 1448 urbe,
1693 1408 1765 1438 oc-

228 1452 333 1495 cisis
364 1452 548 1505 civibus,
580 1453 804 1509 potiuntur
1610 1481 1613 1484 ·

168 1509 326 1553 Hiceta
354 1510 464 1553 forte
496 1511 690 1564 absente,
723 1511 956 1567 Syracusis
978 1511 1196 1555 adversus.
1221 1524 1319 1554 eum
1341 1512 1537 1555 existunt
1559 1512 1761 1568 Thynion

227 1571 272 1612 et
302 1568 590 1623 Sosistratus,
629 1583 728 1613 cum
766 1569 918 1614 eodem
948 1572 1144 1627 tempore
1176 1569 1604 1627 Carthaginiensium
1645 1571 1761 1614 bello

225 1626 332 1670 foris
362 1630 585 1684 urgentur.
993 1620 1007 1639 ⁹

166 1685 330 1729 Harum
363 1687 583 1730 turbarum
623 1699 758 1730 causa
787 1687 994 1743 Pyrrhus,
1034 1700 1113 1730 rex
1142 1687 1286 1744 Epiri,
1325 1687 1581 1745 Agathoclis
1613 1700 1760 1744 gener,

226 1758 282 1788 ex
312 1744 451 1798 Italia,
492 1746 567 1790 ubi
602 1748 694 1788 tum
725 1747 912 1790 maxime
942 1746 1104 1790 bellum
1137 1749 1288 1790 contra
1317 1747 1537 1791 Romanos
1569 1748 1761 1804 gerebat,

226 1805 462 1847 arcessitur

169 1862 252 1906 Hic
284 1862 484 1906 celeriter
505 1861 938 1919 Carthaginiensibus
971 1864 1116 1906 omnia
1145 1876 1283 1919 usque
1315 1863 1371 1906 ad
1390 1863 1646 1920 Lilybaeum
1679 1865 1761 1908 eri—

210 1921 304 1977 ·pit,
335 1921 413 1965 sed
444 1921 546 1965 dum
576 1922 757 1978 imperio
789 1922 1019 1978 superbius
1051 1922 1256 1975 abutitur,
1289 1923 1489 1967 civitates
1519 1924 1677 1980 partim
1706 1923 1761 1966 ad

226 1978 443 2036 carthag„
473 1980 631 2037 partim
663 1980 718 2023 ad
747 1981 1026 2024 Mamertinos
1058 1979 1279 2035 deficiunt,
1310 1993 1396 2038 quo
1425 1981 1541 2026 facto
1563 1981 1758 2026 Siciliam

224 2038 468 2095 relinquere
500 2039 673 2096 cogitur

165 2097 312 2151 Hiero,
345 2097 561 2142 Hieroclis
592 2097 723 2151 filius,
753 2099 928 2155 praetor
959 2098 1192 2154 Syracusis
1224 2100 1396 2142 creatur

166 2155 284 2199 Idem
315 2157 444 2200 victis
474 2156 755 2209 Mamertinis,
788 2170 814 2199 a
843 2157 981 2212 gratis
1013 2157 1181 2200 civibus
1212 2169 1291 2200 rex
1323 2157 1537 2201 salutatur

164 2215 407 2258 Mamertini
437 2227 536 2258 cum
567 2228 594 2258 a
614 2214 817 2272 Carthag.
839 2218 886 2258 et
904 2215 1095 2258 Hierone
1127 2215 1430 2262 obsiderentur
1460 2229 1511 2259 ac
1543 2215 1615 2258 diu
1646 2216 1760 2259 inter

222 2276 429 2330 utrosque
448 2273 755 2327 haesitassent,
786 2274 960 2317 tandem
981 2274 1273 2318 Romanorum
1294 2275 1505 2318 auxilium
1525 2275 1759 2331 implorant

161 2330 343 2388 Appius,
373 2344 462 2376 cos.
495 2332 635 2386 Rom„
665 2333 898 2376 Hieronem
927 2345 1090 2390 regem,
1128 2345 1231 2377 mox
1263 2332 1467 2390 Carthag.
1499 2334 1637 2377 vincit

163 2390 310 2444 Hiero,
342 2394 539 2435 metuens
570 2403 626 2435 ne
658 2391 903 2448 Syracusae
935 2395 1303 2449 oppugnarentur,
1344 2405 1497 2451 pacem
1528 2406 1626 2437 cum
1658 2405 1757 2449 pop.

221 2449 345 2493 Rom.
375 2449 482 2494 facit
511 2453 556 2494 et
587 2463 643 2493 ex
674 2463 726 2494 eo
757 2453 952 2507 tempore
991 2452 1106 2495 inter
1135 2451 1297 2494 bellum
1329 2451 1540 2495 Punicum
1573 2452 1757 2508 primum

225 2510 271 2551 et
299 2509 424 2552 initia
460 2509 643 2553 secundi
678 2510 790 2553 hanc
830 2510 1084 2556 societatem
1116 2522 1213 2553 cum
1246 2509 1330 2554 fide
1362 2510 1535 2563 colens,
1572 2511 1683 2553 bene
1715 2513 1760 2553 et

224 2567 410 2611 civiliter
438 2570 606 2624 regnat.

164 2625 310 2670 Primo
348 2626 462 2670 bello
494 2626 660 2670 Punico
690 2625 835 2680 finito,
876 2626 1259 2684 Carthaginienses
1292 2623 1446 2670 Sicilia
1482 2627 1600 2670 omni
1631 2638 1756 2669 exce-

223 2683 351 2739 dunt,
394 2698 530 2741 eaque
569 2697 670 2741 pars
709 2686 878 2730 insulae
914 2684 1140 2743 provincia
1169 2686 1364 2729 Romana
1392 2683 1462 2738 fit,
1501 2698 1528 2728 a
1557 2687 1756 2743 praetore

223 2745 455 2800 quotannis
486 2743 742 2800 Lilybaeum
772 2746 907 2788 misso
939 2744 1240 2788 administrata

162 2801 350 2847 Hierone
381 2805 483 2859 post
511 2814 693 2859 regnum
723 2801 782 2847 54
804 2815 1013 2847 annorum
1035 2815 1134 2846 cum
1155 2802 1339 2860 amplius
1361 2803 1599 2860 nonaginta
1620 2815 1757 2846 annos

220 2861 409 2906 vixisset
438 2863 608 2904 mortuo

219 2920 504 2977 Hieronymus,
526 2920 620 2964 eius
641 2931 794 2977 nepos,
813 2931 892 2963 rex
912 2918 1068 2973 factus,
1090 2919 1242 2964 foedus
1264 2933 1362 2964 cum
1380 2919 1583 2977 Garthag.
1605 2923 1757 2964 contra

222 2979 442 3023 Romanos
473 2979 568 3031 init,
605 2978 684 3023 sed
713 2978 843 3036 paulo
874 2981 975 3034 post
1004 2978 1229 3023 Leontinis
1261 2993 1287 3023 a
1316 2979 1554 3023 coniuratis
1586 2979 1755 3023 civibus

222 3038 448 3091 occiditur,
479 3039 709 3094 postquam
743 3037 797 3081 13
829 3050 1002 3081 menses
1033 3039 1234 3095 regnavit

163 3095 426 3141 Libertatem
464 3097 710 3141 restitutam
749 3096 926 3140 turbant
956 3096 1244 3154 Hippocrates
1284 3099 1327 3140 et
1365 3095 1606 3153 Epicydes,
1645 3097 1756 3152 regii

221 3155 430 3212 praefecti
462 3157 505 3197 et
534 3154 790 3199 Hannibalis
821 3155 974 3207 amici,
1011 3159 1275 3213 quapropter
1313 3155 1368 3198 M.
1394 3154 1622 3198 Marcellus
1662 3166 1754 3199 cos.

221 3213 346 3257 Rom.
380 3213 622 3269 Syracusas
652 3215 770 3258 terra
798 3213 991 3270 marique
1032 3218 1256 3272 oppugnat
1285 3225 1460 3270 easque,
1499 3213 1573 3258 diu
1604 3212 1753 3257 Archi-

221 3271 359 3315 medis
390 3272 566 3328 ingenio
599 3274 807 3325 servatas,
847 3273 965 3329 capit

161 3330 314 3387 Itaque
346 3330 476 3374 etiam
508 3330 644 3374 altera
674 3330 851 3374 Siciliae
888 3344 1008 3388 pars,
1050 3344 1160 3388 quae
1193 3331 1566 3388 Syracusanorum
1599 3330 1752 3383 fuerat,

221 3390 266 3433 in
299 3389 547 3446 provinciae
584 3388 764 3433 formam
795 3402 821 3432 a
851 3389 975 3433 Rom.
1007 3389 1241 3447 redigitur,
1280 3389 1454 3435 diversa
1483 3390 1751 3447 singularum

221 3449 458 3501 civitatum,
488 3450 618 3505 prout
645 3460 842 3505 quaeque
871 3452 1100 3502 meruerat,
1133 3448 1387 3493 condicione

2049 210 2108 257 58

1786 366 1816 388 ι.
1832 356 1914 390 car.
1962 356 2106 399 olymp.

1819 460 1909 505 310
1972 462 2055 506 117
2076 461 2105 506 3

1819 577 1907 622 308

1820 811 1907 857 307
1971 811 2055 856 118
2077 811 2103 855 2

1819 929 1907 974 305

1819 1047 1905 1092 299
1970 1047 2055 1092 120
2074 1048 2102 1092 2

1818 1165 1904 1210 289
1969 1165 2052 1209 122
2073 1167 2101 1208 4

1815 1457 1897 1501 281
1967 1458 2049 1501 124
2071 1459 2099 1501 4

1812 1800 1899 1844 278
1965 1800 2047 1844 125
2069 1801 2097 1844 3

1810 2036 1898 2080 276
1964 2038 2046 2081 126
2072 2038 2092 2081 1

1812 2096 1899 2140 275
1965 2097 2047 2140 126
2069 2096 2096 2140 2

1811 2154 1900 2199 270
1964 2155 2045 2199 127
2067 2156 2095 2198 4

1810 2273 1898 2317 264

1806 2332 1894 2375 264
1959 2332 2043 2376 129
2071 2332 2089 2375 l

1810 2391 1897 2434 263

1808 2745 1895 2789 242
1959 2744 2043 2790 134
2065 2745 2092 2788 3

1807 2865 1894 2909 216
1958 2865 2037 2908 141
2068 2865 2086 2907 1

1805 3040 1893 3084 215

1805 3272 1890 3318 212
1957 3271 2040 3317 142
2065 3273 2083 3316 1

1803 3448 1893 3493 210
