2392 4016
357 216 439 261 102
1133 214 1310 252 Annales
1342 213 1513 252 Romani

373 371 402 394 a.
449 363 504 393 hr.
575 369 655 392 u.c.

421 362 447 394 C
703 411 710 417 “
764 404 844 447 His
877 405 1119 460 ceterisque
1158 404 1250 446 eius
1290 403 1534 446 actionibus
1566 416 1732 446 summa
1771 417 1852 459 ope
1893 406 2068 446 senatus
2107 405 2287 456 resistit,

761 463 1008 506 adversario
1040 466 1286 519 comparato
1309 463 1372 504 M.
1391 463 1512 504 Livio
1529 463 1668 505 Druso
1697 463 1810 515 trib„
1843 463 1965 505 cuius
1987 462 2287 518 largitionibus

759 522 889 577 longe
910 523 1145 565 maioribus
1167 522 1419 574 (duodecim
1444 521 1708 564 coloniarum
1727 525 1896 565 ternum
1919 521 2084 564 milium
2106 521 2287 571 civium)

763 581 904 624 studio
938 582 1141 636 abreptus
1173 581 1302 633 favet,
1342 581 1554 636 imprimis
1595 580 1695 623 dum
1727 580 1776 624 C.
1813 580 2034 624 Gracchus
2066 581 2112 622 in
2143 580 2291 623 Africa

759 642 1070 692 commoratur,
1103 639 1235 682 IIIvir
1266 639 1461 683 coloniae
1494 638 1820 695 Carthaginem,
1861 653 1969 695 quae
2001 640 2139 694 prima
2168 642 2292 682 extra

759 698 931 741 Italiam
970 698 1072 751 fuit,
1113 699 1210 754 lege
1250 699 1414 742 Rubria
1453 698 1731 741 deducendae
1771 702 1955 742 creatus.
2036 699 2186 754 Itaque
2225 711 2290 741 re-

758 770 911 800 versus
950 757 1024 799 ille
1063 757 1203 812 legem
1236 759 1285 800 de
1314 759 1533 812 suffrayiis
1562 759 1759 800 sociorum
1795 757 1984 813 perferre
2017 769 2103 799 non
2132 759 2290 812 potest,

758 819 801 859 et
834 816 1028 871 priVatus
1059 817 1299 859 inimicitiis
1332 816 1674 859 adversariorum
1710 816 1924 859 obiicitur.

815 875 990 917 Interea
1023 874 1100 918 Cn.
1125 875 1340 918 Domitius
1374 888 1463 919 cos.
1497 874 1612 927 (nam
1646 874 1694 917 C.
1717 875 1883 918 Fannio
1917 887 2005 917 cos.
2039 874 2164 916 Italia
2196 887 2291 917 eve·
2369 900 2374 904 -

757 933 933 986 nerat),
972 935 1197 989 provincia
1236 948 1260 976 a
1293 933 1341 976 C.
1375 934 1525 977 Sextio
1565 937 1766 989 accepta,
1805 934 1964 976 bellum
1997 937 2148 976 contra
2176 932 2294 975 Allo-

756 991 917 1046 broges
950 995 994 1034 et
1013 992 1245 1045 Arvernos,
1276 994 1322 1035 in
1342 1005 1471 1049 agros
1494 993 1754 1045 Aeduorum,
1788 994 2002 1035 sociorum
2031 1005 2131 1047 pop.
2155 992 2293 1043 Rom.,

759 1050 1047 1101 incursantes,
1081 1053 1217 1105 parat.
1279 1051 1565 1106 Triumphant
1597 1051 1645 1094 C.
1678 1051 1856 1094 Sextius
1888 1064 2006 1107 proc.
2039 1051 2092 1093 de
2123 1051 2293 1106 Liguri-

757 1108 839 1150 bus
872 1107 1098 1151 Vocontiis
1148 1108 1463 1164 Salluviisque,
1516 1109 1566 1152 L.
1607 1109 1811 1153 Aurelius
1851 1109 2026 1153 Orestes
2074 1123 2191 1165 proc.
2240 1123 2295 1152 ex

760 1166 972 1210 Sardinia.
1568 1203 1572 1207 .

396 1224 477 1268 121
563 1223 650 1267 633
714 1225 813 1269 Cos.
845 1226 900 1267 L.
939 1226 1142 1280 Opimius,
1196 1225 1243 1274 Q.
1277 1227 1434 1268 Fabius
1463 1226 1584 1268 Max.
1618 1225 1900 1280 (Allobroq.)‚
1945 1227 2170 1269 Aemiliani
2195 1226 2294 1279 fil.)

759 1285 808 1327 L.
836 1284 974 1339 Opim.
998 1297 1087 1327 cos.
1114 1284 1309 1328 Graccho
1341 1285 1670 1328 inimicissimus
1701 1298 1780 1341 per
1809 1285 1864 1327 M.
1885 1285 2121 1328 Minucium
2152 1288 2204 1327 tr.
2236 1286 2294 1341 pl.

759 1342 988 1399 legem'de
1021 1344 1191 1386 colonia
1221 1343 1426 1387 Africana
1456 1345 1608 1387 tollere
1640 1345 1844 1396 instituit,
1878 1345 1948 1386 cui
1980 1357 2077 1386 cum
2109 1345 2163 1386 M.
2195 1344 2295 1387 Ful-

761 1404 855 1445 vius
897 1403 1137 1446 consularis
1179 1405 1222 1445 et
1261 1402 1309 1446 C.
1345 1402 1568 1446 Gracchus
1609 1404 1885 1446 vehementer
1914 1404 2188 1455 resisterent,
2230 1405 2296 1446 tu-

761 1462 899 1504 multu
930 1461 1045 1504 facto
1086 1474 1174 1504 cos.
1210 1464 1386 1504 senatus
1427 1463 1684 1505 auctoritate
1717 1462 1817 1518 (per
1847 1462 1902 1504 M.
1935 1461 2089 1505 Aemil.
2123 1461 2297 1514 Scaur.)

763 1523 975 1572 armatus,
1016 1519 1233 1563 Aventino
1264 1522 1309 1563 vi
1339 1523 1487 1576 capto,
1527 1521 1743 1577 fugientes
1775 1523 1962 1563 Fulvium
1993 1523 2037 1563 et
2073 1522 2298 1564 Gracchum

764 1592 813 1621 ac
860 1582 1033 1635 praeter
1080 1592 1154 1622 eos
1195 1595 1384 1634 maynam
1423 1582 1566 1622 civium
1603 1582 1894 1622 multitudinem
1932 1582 2078 1622 caedit.
2155 1580 2297 1623 Etiam

762 1640 917 1694 postea
965 1639 1242 1693 quaestiones
1284 1639 1336 1681 de
1376 1640 1508 1681 sociis
1556 1640 1866 1682 coniurationis
1907 1639 2139 1682 crudeliter
2177 1652 2298 1682 exer-

761 1699 932 1749 centur,
976 1710 1055 1739 nec
1094 1696 1275 1740 firmatis
1317 1698 1587 1753 optimatium
1629 1698 1783 1753 opibus
1822 1698 1944 1754 leges
1984 1699 2178 1754 agrariae
2210 1711 2298 1741 ser-

722 1790 725 1793 .
759 1758 927 1798 vantur.

821 1814 872 1856 In
896 1813 1039 1857 Gallia
1060 1812 1139 1857 Cn.
1162 1813 1379 1857 Domitius
1411 1827 1583 1870 procos.
1614 1815 1764 1857 hostes
1794 1815 1908 1870 apud
1929 1814 2175 1858 Vindalium
2206 1814 2298 1857 vin-

763 1874 836 1925 cit,
869 1886 966 1915 cum
998 1873 1132 1915 altero
1166 1874 1361 1919 exercitu
1393 1886 1481 1916 cos.
1515 1873 1563 1925 Q.
1593 1874 1756 1916 Fabius
1788 1873 1840 1931 de
1870 1873 2162 1916 Arvernorum
2193 1887 2296 1929 rege

755 1932 929 1975 ,Bituito
960 1944 1094 1988 prope
1126 1932 1271 1975 Isarae
1293 1932 1577 1988 Rhodanique
1609 1932 1878 1984 confluentes
1910 1933 2132 1989 ingentem
2162 1933 2298 1975 victo·

762 1992 869 2034 riam
911 2005 948 2033 a.
982 1991 1021 2033 d.
1054 1990 1116 2034 VI
1153 1991 1216 2033 Id.
1255 1990 1369 2047 Aug.
1411 1994 1615 2048 reportat.
1690 1992 1895 2047 Sequitur
1931 1991 2214 2047 Allobrogum
2257 1994 2301 2034 et

763 2049 1055 2093 Arvernorum
1087 2050 1262 2093 deditio.
1298 2051 1555 2106 Triumphat
1601 2050 1650 2103 Q.
1682 2051 1880 2094 Metellus
1912 2061 2030 2106 proc.
2064 2050 2116 2093 de
2147 2050 2298 2093 Balea-

761 2109 896 2151 ribus.

404 2170 491 2213 120
572 2169 658 2213 634
721 2167 822 2211 Cos.
852 2168 904 2209 P.
936 2168 1152 2219 Manilius,
1200 2167 1242 2208 C.
1276 2168 1475 2220 Papirius
1511 2166 1699 2218 Carbo.)
1745 2167 1794 2210 L.
1829 2168 2030 2223 Opimius⁴
2057 2168 2297 2210 maiestatis

768 2227 946 2268 crimine
979 2226 1093 2281 apud
1123 2226 1330 2281 populum
1362 2239 1387 2267 a
1417 2226 1465 2268 P.
1499 2226 1634 2268 Decio
1665 2228 1774 2269 trib..
1797 2229 2040 2278 accusatur,
2083 2226 2161 2269 sed
2192 2240 2218 2269 a
2249 2226 2296 2269 C.

770 2284 966 2327 Carbone
1007 2297 1096 2327 cos.
1137 2297 1186 2326 ac
1229 2286 1383 2327 senatu
1422 2284 1648 2338 defensus,
1687 2286 1938 2330 absolvitur.
2006 2286 2060 2327 M.
2095 2285 2298 2328 Octavius

766 2344 864 2386 trib.
911 2344 969 2399 pl.
1011 2341 1310 2399 Semproniam
1354 2343 1496 2399 legem
1541 2343 1665 2386 frum.
1713 2345 1895 2400 abrogat
1939 2347 1983 2386 et
2030 2344 2299 2386 tolerabilem

770 2403 933 2445 aerario
964 2402 1120 2444 reddit.
1175 2401 1325 2445 Asiam
1358 2401 1406 2454 Q.
1438 2402 1608 2447 Mucius
1639 2402 1792 2459 Augur
1821 2403 1948 2459 regit,
1982 2406 2211 2446 accusatus
2244 2416 2299 2446 ex

768 2475 819 2503 ea
849 2474 968 2516 prov.
1012 2461 1064 2503 ab
1097 2461 1147 2503 T.
1178 2460 1377 2504 Albucio.
1450 2461 1705 2517 Triumphat
1737 2461 1786 2513 Q.
1816 2462 1979 2505 Fabius
2019 2461 2071 2504 de
2102 2462 2299 2504 Allobro-

769 2520 910 2576 gibus.
957 2519 1170 2562 Videntur
1201 2520 1242 2562 h.
1277 2534 1313 2562 a.
1347 2533 1463 2563 cens.
1498 2521 1621 2563 lustr.
1655 2520 1707 2563 61
1733 2521 1997 2574 condidisse,
2030 2521 2107 2564 sed
2127 2521 2301 2564 nomina

770 2592 918 2621 eorum
947 2579 1214 2634 ignorantur.

405 2639 490 2684 119
574 2639 660 2683 635
721 2638 821 2681 Cos.
855 2639 904 2679 L.
946 2637 1094 2680 Caecil.
1127 2638 1180 2679 L.
1202 2641 1246 2692 f.
1278 2638 1434 2680 Metell.
1469 2638 1793 2691 (Dalmatia—us),
1822 2640 1879 2681 L.
1912 2640 2106 2680 Aurelius
2142 2637 2299 2689 Cotta.)

770 2697 817 2739 C.
860 2696 999 2739 Carbo
1038 2697 1282 2740 maiestatis
1323 2699 1554 2740 accusatur
1591 2711 1616 2740 a
1653 2697 1703 2740 L.
1745 2697 1904 2741 Crasso
1945 2698 2299 2753 eloquentissimo

766 2757 922 2797 iuvene
955 2755 1027 2806 (21
1063 2768 1198 2798 annos
1231 2755 1364 2808 nato),
1398 2759 1441 2798 et
1471 2757 1715 2799 voluntaria
1745 2760 1882 2800 morte
1916 2771 1941 2799 a
1973 2758 2203 2800 severitate
2237 2758 2301 2799 iu-

768 2814 912 2856 dicum
953 2826 999 2856 se
1030 2814 1235 2857 vindicat.
1312 2815 1354 2857 C.
1386 2816 1553 2857 Marius
1587 2816 1685 2858 trib.
1724 2817 1783 2871 pl.
1814 2817 1957 2872 legem
1997 2816 2050 2858 de
2082 2815 2300 2871 suffragiis

767 2872 972 2924 ferendis,
1002 2873 1214 2916 renitente
1247 2876 1400 2916 senatu
1423 2877 1467 2917 et
1485 2875 1659 2917 Metello
1692 2888 1797 2927 cos„
1831 2875 2005 2931 perfert.
2068 2874 2192 2917 Idem
2214 2875 2300 2917 Me-

768 2931 913 2983 tellus,
949 2944 1048 2973 cum
1078 2931 1372 2974 Macedoniam
1401 2934 1595 2988 provinc.
1628 2936 1885 2990 accepisset,
1918 2934 2081 2989 gloriae
2113 2934 2296 2989 cupidus

767 2990 929 3033 bellum
949 2990 1158 3032 Dalmatis
1189 2990 1331 3043 infert,
1366 2992 1568 3047 nullaque
1598 3007 1645 3036 re
1677 2993 1945 3036 memorabili
1975 2995 2114 3048 gesta,
2147 3006 2187 3035 a.
2213 2992 2294 3034 117

766 3049 1002 3104 triumphat
1040 3051 1083 3091 et
1119 3062 1361 3105 cognomen
1399 3064 1453 3093 ex
1490 3064 1609 3094 more
1648 3053 1792 3107 gentis
1825 3064 1928 3094 suae
1961 3052 2106 3094 sumit.
2171 3051 2300 3094 Cotta

771 3121 860 3151 cos.
892 3108 1061 3150 Italiam
1092 3108 1221 3151 habet
1252 3111 1295 3152 et
1329 3122 1427 3152 cum
1459 3109 1597 3155 Gallis
1629 3114 1809 3166 pugnat.

406 3166 491 3210 118
573 3166 658 3209 636
722 3166 822 3210 Cos.
856 3167 919 3208 M.
953 3168 1124 3210 Porcius
1156 3169 1217 3211 M.
1247 3171 1290 3223 fi
1324 3169 1387 3210 M
1426 3169 1606 3212 Censorii
1643 3186 1682 3211 η.
1723 3171 1824 3212 Cato
1848 3169 1895 3222 †,
1943 3169 2040 3212 suff.
2078 3169 2127 3218 Q.
2158 3169 2302 3211 Aelius

775 3226 946 3278 Tubero,
984 3227 1031 3275 Q.
1064 3228 1253 3270 Marcius
1283 3227 1419 3278 Rex.)
1488 3229 1543 3271 M.
1577 3228 1685 3272 Cato
1716 3230 1763 3272 in
1792 3228 1984 3272 Africam
2016 3226 2138 3281 (Sine
2170 3228 2299 3270 dubio

769 3287 945 3341 propter
981 3286 1188 3341 Micipsae
1219 3286 1447 3330 Numidiae
1485 3288 1602 3343 regis
1644 3290 1844 3340 mortem,
1893 3282 2163 3342 filioru‘mque
2204 3287 2298 3329 eius

690 3366 693 3368 ·
770 3343 1048 3396 discordiam)
1078 3345 1298 3400 profectus
1328 3346 1489 3389 ibidem
1519 3347 1711 3390 moritur.
1765 3347 1813 3399 Q.
1836 3347 2038 3398 MarciuS,
2071 3347 2141 3388 cui
2173 3345 2298 3388 Italia

770 3402 995 3458 provincia
1026 3405 1182 3456 evenit,
1215 3405 1415 3458 Stoenos,
1447 3408 1622 3462 gentem
1652 3405 1866 3462 Alpinam,
1901 3405 2056 3457 caedit,
2089 3406 2134 3447 in
2158 3403 2300 3447 Gallia

770 3461 1002 3504 Narbonem
1033 3462 1237 3505 Marcium
1269 3464 1482 3507 coloniam
1521 3465 1680 3508 civium
1711 3465 1834 3514 Rom.
1867 3464 2026 3516 condit,
2066 3463 2301 3518 triumphat

774 3533 800 3561 a
829 3520 966 3589 inseq.
1037 3520 1132 3564 Hoc
1170 3535 1282 3565 anno
1321 3523 1558 3580 triumphat
1596 3522 1674 3567 Cn.
1714 3523 1930 3567 Domitius
1969 3534 2087 3577 proc.
2130 3522 2182 3564 de
2221 3519 2299 3564 Ar-

772 3590 930 3621 vernis.
