2392 4016
346 212 397 246 lv
1223 196 1436 239 Praefatio.

345 344 581 398 diocrem
630 341 872 396 Graecae
909 342 1243 411 Latinaeque
1292 343 1507 414 linguae
1557 343 1836 395 scientiam
1880 342 2266 412 percepissent,

345 437 577 483 veterem
614 429 891 482 historiam
929 434 1188 498 perpetua
1226 429 1548 498 optimorum
1593 435 1871 481 auctorum
1920 428 2149 480 lectione
2187 427 2267 480 di-

350 522 579 582 scerent,
618 515 762 567 hunc
800 514 995 566 librum
1023 532 1340 584 componere
1375 532 1662 585 aggressus
1689 533 1824 581 sum,
1865 533 1969 582 quo
1998 512 2134 566 duce
2160 515 2267 583 pri-

343 608 586 653 vatorum
626 599 922 653 studiorum
959 608 1251 653 uterentur.
1338 599 1485 653 Nam
1522 599 1592 651 ad
1630 599 1876 669 publicae
1915 599 2265 652 institutionis

342 705 526 751 usum,
576 686 926 738 scholasticae
966 685 1181 754 quidem
1221 693 1394 753 certe,
1439 685 1524 737 vel
1563 684 1783 738 dimidia
1820 704 1943 755 pars
1982 685 2139 737 huius
2179 702 2267 736 co-

342 772 461 841 piae
501 770 818 838 suffecisset,
859 790 980 823 cum
1018 772 1121 823 alia
1158 771 1343 837 multa,
1383 789 1519 838 quae
1545 771 1922 841 magistrorum
1949 770 2267 841 disputatio-

344 856 500 908 nibus
539 855 888 924 relinquenda
925 856 1199 926 putabam,
1239 856 1470 909 adiicere
1509 857 1816 910 noluissem.

489 941 600 993 Hic
626 961 730 994 non
758 942 1202 1009 commemorabO,
1240 949 1497 1011 quantum
1522 940 1759 994 laborem
1787 942 2140 1010 exhauserim,
2176 961 2266 995 ve-

341 1035 515 1080 terum
555 1034 832 1079 auctorum
869 1028 1154 1080 lectionem
1201 1036 1447 1098 repetens
1494 1035 1548 1079 et
1586 1046 1652 1079 ex
1690 1029 1819 1098 ipsis
1859 1029 2111 1081 historiae
2149 1029 2267 1080 fon-

339 1113 511 1179 tibus,
565 1129 913 1180 quaecunque
951 1113 1074 1165 usui
1110 1112 1446 1179 viderentur,
1493 1113 1779 1183 colligens:
1829 1133 1952 1166 nam
1991 1115 2080 1166 ille
2117 1113 2268 1167 labor

342 1207 394 1251 et
431 1199 548 1268 ipsa
584 1217 763 1250 rerum
790 1198 1053 1250 suavitate
1084 1197 1548 1268 compensabatur,
1587 1206 1641 1249 et
1667 1197 1878 1251 abunde
1905 1219 1990 1252 me
2018 1201 2131 1252 eius
2156 1200 2268 1252 fru-

342 1292 487 1337 ctum
523 1284 826 1354 percepisse
865 1283 1199 1351 existimabo,
1239 1285 1284 1336 si
1323 1282 1453 1352 quid
1492 1284 1761 1336 communi
1798 1285 2018 1338 utilitati
2054 1284 2268 1354 profue-

340 1371 467 1423 rim:
505 1368 797 1440 profitebor
833 1369 1031 1438 potius,
1080 1389 1297 1439 operam
1334 1388 1508 1422 meam
1546 1388 1872 1440 magnopere
1910 1370 2266 1423 recentiorum

341 1457 661 1529 scriptorum
700 1454 979 1525 diligentia
1017 1455 1298 1508 allevatam
1338 1473 1473 1521 esse,
1514 1473 1636 1506 cum
1675 1456 2069 1508 commentariis
2097 1453 2267 1507 edito-

340 1561 476 1608 rum,
514 1548 631 1592 tum
657 1540 774 1592 aliis
799 1539 970 1607 libris,
1008 1542 1267 1611 imprimis
1294 1540 1567 1594 Dodwelli
1592 1540 1874 1593 annalibus
1896 1539 2265 1611 Thucydideis

341 1634 395 1679 et
430 1626 872 1696 XenophonteiS,
921 1624 1158 1679 Clintoni
1196 1626 1349 1679 fastis
1388 1625 1715 1692 Hellenicis,
1764 1626 1946 1698 Pighii
1983 1626 2265 1679 annalibus

340 1712 617 1779 RomaniS,
653 1712 938 1783 Borghesii
963 1712 1277 1782 fragmentis
1307 1710 1641 1782 CapitoliniS,
1666 1712 1857 1765 Bachii
1882 1713 2107 1766 historia
2132 1712 2263 1764 iuris

340 1797 594 1865 Romani,
644 1797 752 1850 Iac.
796 1797 1118 1851 Gothofredi
1166 1797 1512 1868 chronologia
1558 1799 1740 1869 legum
1778 1798 2140 1851 Theodosiani
2178 1816 2265 1850 co-

341 1882 494 1950 dicis,
533 1883 863 1936 Tillemontii
901 1883 1124 1935 historia
1161 1883 1560 1952 imperatorum,
1611 1884 1748 1951 aliis,
1789 1884 1983 1953 quibus
2022 1886 2098 1936 ita
2134 1902 2264 1936 usus

341 1988 476 2036 sum,
515 1976 575 2021 ut
610 1968 868 2021 iudicium
906 1977 1086 2021 tamen
1123 1987 1301 2021 meum
1327 1968 1458 2021 mihi
1484 1969 1814 2038 sequendum
1840 1978 2100 2040 putarem.
2159 1970 2266 2022 Fa-

341 2062 453 2107 stos
496 2055 801 2107 consulares
842 2073 1000 2123 quam
1040 2056 1191 2124 potui
1231 2054 1692 2107 emendatissimos
1732 2055 1927 2108 adieci:
1977 2057 2082 2109 nisi
2121 2055 2266 2125 quod

342 2141 691 2194 suffectorum
739 2140 1041 2193 nominibus
1091 2141 1203 2193 fere
1241 2141 1486 2211 peperci,
1534 2147 1587 2192 et
1634 2160 1732 2211 pro
1770 2140 1999 2195 tribunis
2038 2143 2266 2194 militum

341 2228 608 2280 consulari
634 2235 898 2296 potestate
923 2227 1071 2279 locos
1096 2226 1372 2293 LivianOS,
1410 2225 1503 2278 ubi
1528 2227 1799 2297 leguntur,
1834 2227 2064 2283 laudavi.
2121 2228 2266 2281 Ean-

341 2312 461 2365 dem
501 2314 708 2382 copiam
746 2314 1083 2365 notationum
1124 2313 1621 2383 chronologicarum
1658 2314 1840 2365 nescio
1879 2332 1948 2365 an
1987 2313 2264 2366 debuerim

338 2399 565 2451 fortasse
620 2400 779 2451 etiam
822 2406 1070 2468 expetere
1117 2399 1172 2450 in
1209 2398 1622 2451 Atheniensium
1671 2399 2018 2453 archontibus
2058 2398 2262 2452 ἐπωνύ-

338 2505 477 2552 μοις,
517 2483 612 2537 sed
647 2493 1019 2554 praeterquam
1059 2483 1204 2553 quod
1242 2503 1425 2536 eorum
1463 2485 1625 2537 series
1665 2503 1824 2555 saepe
1858 2485 2264 2554 interrumpitur

339 2587 440 2621 nec
479 2570 544 2622 de
581 2571 885 2623 nominibus
926 2590 1109 2623 eorum
1147 2570 1276 2623 satis
1317 2569 1514 2637 ubique
1554 2578 1766 2623 constat
1783 2611 1798 2638 ,
1843 2571 2002 2624 huius
2041 2572 2119 2623 rei
2157 2572 2261 2623 uti-

338 2654 543 2706 litatem
592 2656 660 2708 ad
707 2675 908 2726 paucos
956 2655 1206 2708 videbam
1260 2656 1553 2725 pertinere,
1609 2656 1699 2724 qui
1750 2675 1872 2708 cum
1923 2655 2260 2727 diligentiore

339 2738 517 2791 studio
566 2759 680 2793 eam
722 2742 1098 2812 chronologiae
1146 2749 1354 2811 partem
1393 2759 1717 2811 cognoscere
1753 2742 1981 2809 vellent,
2031 2760 2155 2794 cum
2193 2741 2263 2795 ad

339 2825 470 2877 alios
509 2825 692 2893 libros,
736 2833 852 2879 tum
891 2827 960 2879 ad
999 2826 1213 2880 Corsini
1253 2825 1596 2895 Clintonique
1633 2828 1802 2880 fastos
1843 2827 2260 2899 confugiendum

339 2909 443 2963 sibi
482 2907 598 2963 esse
636 2912 1006 2982 intelligerent.
1097 2912 1208 2966 Sed
1258 2912 1459 2965 diutius
1507 2913 1742 2966 incertus
1782 2932 1925 2966 eram
1943 2954 1958 2981 ,
2009 2914 2154 2983 quod
2193 2914 2262 2967 ad

337 2997 502 3050 totius
536 2997 659 3049 libri
697 2998 957 3050 rationem
993 2998 1312 3068 pertinebat,
1350 3005 1529 3050 utrum
1567 2999 1794 3070 singulis
1833 3001 1987 3052 annis
2017 3008 2071 3052 et
2095 3000 2256 3053 rebus

338 3080 643 3134 memoratis
681 3090 958 3135 auctorum
1006 3084 1154 3137 locos
1194 3083 1541 3152 subiicerem,
1587 3084 1730 3137 unde
1771 3085 2039 3154 copiosior
2077 3103 2259 3137 earum

338 3181 516 3219 rerum
551 3169 804 3220 memoria
839 3177 1126 3238 peteretur,
1164 3189 1232 3222 an
1270 3171 1400 3223 satis
1438 3170 1708 3238 haberem,
1745 3172 1889 3241 ipsas
1916 3189 2021 3237 res,
2060 3177 2261 3238 quanta

337 3251 443 3304 fide
490 3271 704 3321 possem
750 3255 1005 3322 maxima,
1054 3255 1350 3308 ostendere.
1409 3255 1678 3309 Videbam
1727 3258 1868 3310 enim
1914 3263 2074 3325 atque
2124 3254 2258 3308 adeo

341 3337 622 3406 sperabam
658 3333 854 3391 multos
892 3339 1024 3406 fore,
1064 3342 1156 3409 qui
1181 3342 1299 3410 ipsa
1325 3349 1603 3395 auctorum
1628 3342 1793 3396 verba
1816 3343 1995 3414 legere
2020 3341 2257 3407 maHent,

340 3440 561 3490 eamque
608 3442 719 3475 rem
758 3423 888 3475 mihi
933 3443 1141 3492 quoque
1179 3422 1367 3479 honori
1403 3427 1518 3479 fore
1558 3428 1927 3494 existimabam
1965 3425 2109 3496 apud
2148 3445 2257 3493 eOS,

339 3507 431 3575 qui
467 3507 787 3577 scriptorum
839 3516 891 3560 et
939 3508 1270 3580 diligentiam
1319 3520 1372 3565 et
1420 3512 1720 3567 doctrinam
1756 3504 1976 3566 numero
2013 3510 2258 3564 laudato-

1891 3653 1913 3665 q
