2392 4016
11 2746 22 2781 φ.-
9 2565 25 2738 “im-‘¹
10 2521 24 2554 <—
8 2488 18 2504 ο

13 2919 20 2942 “’
12 2795 30 2899 τῆν’-*-

885 179 1078 222 historias
1106 179 1266 221 veteris.
1972 190 2065 224 xm

141 327 196 374 ab
225 340 339 374 anne
370 328 461 375 200
488 330 536 375 in
562 327 673 376 :Asin
702 337 872 373 summa
901 338 1001 372 esse
1031 327 1190 383 coepit.
1251 325 1473 370 Nonnulla
1501 327 1783 383 suppeditant
1811 327 1997 371 Iastium
2024 333 2071 372 et

143 401 353 444 Diodorus
380 403 426 446 in
455 401 654 456 exemptis
681 400 973 457 posteriorum
1010 398 1230 443 librorum.
1299 395 1627 441 Seleucidarum
1659 399 1866 444 historiae
1896 398 2069 443 brevem

141 475 424 529 conspectum
454 471 575 518 dedit
602 471 823 527 Appiam
860 472 906 516 in
936 469 1156 527 Syriacis,
1196 468 1426 525 negligens
1457 470 1667 526 scriptor,
1705 472 1781 527 qui
1809 474 1855 515 et
1883 471 1979 527 ipse
2009 471 2071 515 hi·

141 544 321 588 storiam
350 543 502 602 populi
530 542 718 588 Romani
746 555 861 587 nova
888 543 1058 587 ratione
1090 540 1330 585 secundum
1359 540 1580 597 regiones,
1610 542 1655 584 in
1686 541 1844 598 quibus
1875 542 1990 585 bella
2018 542 2072 586 de

139 615 324 673 imperio
361 617 488 672 gesta
529 617 658 669 sunt,
698 615 1008 672 composuerit.
1072 611 1270 657 Certiora
1299 612 1479 656 tradidit
1507 613 1726 670 Polybius,
1765 626 1844 669 pro
1874 615 2073 657 instituto

141 699 222 731 suo
253 686 389 731 etiam
415 686 634 731 Asiaticas
674 690 719 731 et
747 686 1044 743 Aegyptiacae
1075 697 1147 728 res
1178 696 1230 727 ea
1260 687 1424 737 aetate,
1467 697 1595 741 quam
1627 685 1713 729 sibi
1745 684 2072 729 describendam

140 760 425 814 proposuerat
462 758 517 811 (i.
549 770 587 802 e.
617 757 674 802 ab
705 770 818 802 anno
848 755 1142 810 sla-146),
1174 759 1454 812 persecutus,
1495 757 1575 800 sed
1611 769 1710 800 cum
1749 756 1939 800 maxima
1974 769 2073 812 pars

142 830 236 874 eius
268 829 478 875 librorum
508 829 709 885 perierit,
760 829 889 873 nimis
923 839 1053 885 saepe
1084 828 1140 871 ab
1179 840 1232 872 eo
1263 827 1525 881 deserimur,
1565 841 1645 872 nec
1677 828 1766 872 fere
1807 828 1893 871 nisi
1933 840 2074 871 rerum

139 901 287 957 Magni
311 900 523 945 Antiochi
552 901 682 957 paulo
725 900 970 946 accuratior
1000 901 1194 957 cognitio
1233 901 1287 944 ab
1327 912 1379 944 eo
1420 900 1510 956 peti
1540 903 1699 956 potest.
1762 899 1883 951 (Lib.
1905 899 1948 952 5,
1979 912 2074 956 cap.

139 972 338 1027 40—71,
370 975 415 1017 et
443 972 582 1017 eiusd.
613 973 688 1018 lib.
712 971 918 1026 79-—87,
959 975 1004 1016 et
1032 972 1078 1016 in
1109 971 1263 1029 fragm.
1295 973 1563 1029 reliquorum
1593 970 1845 1026 librorum.)
1904 972 2076 1015 Iudaeo·

139 1060 253 1098 rum,
293 1057 321 1088 a
354 1045 535 1102 regibus
572 1045 729 1102 Syriae
766 1044 1082 1098 deficientium,
1129 1044 1354 1088 historiam
1390 1044 1624 1088 memoriae
1662 1043 1946 1101 prodiderunt
1981 1044 2078 1087 libri

139 1116 506 1171 Maccahaeorum,
552 1118 735 1162 eandem
774 1131 800 1160 a
836 1118 978 1174 primo
1016 1116 1160 1173 gentis
1200 1116 1325 1160 initio
1362 1128 1501 1172 usque
1539 1115 1596 1159 ad
1632 1127 1792 1159 annum
1831 1119 1934 1172 post
1972 1115 2074 1159 Chr.

140 1190 230 1232 nat.
259 1187 490 1245 Gli-amplo
522 1201 652 1245 opere
682 1189 890 1234 Iudaicae·
907 1188 1235 1245 archaeologiae
1266 1188 1445 1244 scripsit
1473 1188 1692 1243 Iosephus,
1734 1186 1894 1231 infidus
1926 1191 2077 1232 auctor

142 1259 355 1304 historiae
391 1259 596 1316 antiquae
628 1260 782 1317 (quam
820 1261 994 1305 scilicet
1021 1261 1068 1304 in
1107 1272 1234 1303 usum
1266 1259 1531 1303 Graecorum
1570 1259 1782 1302 lectorum
1816 1258 2076 1302 calamistris

143 1330 395 1386 inusserit),
442 1331 522 1376 sed
560 1332 680 1376 utilis
721 1345 807 1389 quo
844 1333 1024 1389 propius
1063 1331 1119 1375 ad
1156 1344 1279 1376 suam
1324 1334 1581 1388 patrumque
1618 1330 1867 1374 memoriam
1894 1329 2077 1373 accedit.

143 1403 248 1458 Sed,
277 1404 318 1448 si
346 1403 401 1447 ab
430 1403 554 1447 libris
585 1403 800 1457 discedas,
829 1404 968 1448 multa
996 1416 1048 1447 ac
1079 1406 1200 1446 certa
1229 1403 1283 1447 de
1313 1402 1669 1447 successionibus
1699 1414 1853 1458 regum
1873 1416 1930 1446 ex
1952 1416 2073 1446 num·

142 1474 226 1518 mis
256 1474 700 1531 inscriptionibusque
731 1474 944 1531 Syrorum
973 1477 1019 1519 et
1037 1473 1354 1531 Aegyptiorum
1385 1476 1735 1531 cognoscunturz
1768 1486 1878 1529 quae
1909 1475 1949 1518 si
1978 1486 2077 1517 cum

141 1545 352 1602 dispersis
382 1545 566 1589 aliorum
596 1546 858 1603 scriptorum
887 1547 997 1592 locis
1029 1548 1358 1604 componantur,
1397 1558 1485 1590 non
1515 1546 1734 1602 integrum
1766 1544 1957 1601 quidem,
1999 1545 2077 1588 sed

140 1619 286 1661 tamen
315 1620 522 1663 constans
553 1618 680 1662 huius
710 1619 918 1664 historiae
951 1631 1110 1675 corpus
1142 1617 1363 1664 conficias.

260 1689 447 1742 Restant
475 1690 610 1734 Italia
640 1692 811 1746 inferior
840 1694 884 1734 et
913 1691 1088 1745 Sicilia,
1127 1690 1310 1734 refertae
1344 1689 1609 1734 Graecorum
1640 1689 1839 1733 coloniis.
1910 1688 2006 1741 Qua
2033 1689 2078 1732 in

142 1774 204 1815 re,
235 1762 276 1806 si
304 1774 489 1818 usquam
503 1795 516 1816 ,
554 1763 762 1807 historiae
793 1764 1003 1820 iniquitas
1035 1763 1283 1807 accusanda
1311 1762 1504 1815 videtur,
1542 1774 1654 1818 quae
1693 1761 1819 1819 quasi
1849 1762 1976 1804 unice
2006 1760 2079 1804 de·

143 1833 304 1878 lectata
334 1834 654 1880 calamitatibus
686 1836 860 1892 generis
900 1836 1101 1889 humani,
1140 1838 1233 1879 tum
1266 1835 1440 1879 demum
1471 1834 1646 1878 uberior
1676 1846 1775 1877 esse
1807 1833 1967 1885 soleat,
2006 1833 2080 1876 ubi

144 1904 198 1949 de
226 1917 460 1962 regnorum
494 1909 539 1950 et
567 1920 712 1951 rerum
740 1907 1014 1964 publicarum
1035 1907 1336 1951 eversionibus
1359 1906 1518 1964 agitur,
1549 1906 1630 1950 sed
1650 1905 1798 1949 doceri
1819 1905 2080 1961 cupientem,

145 1988 232 2033 qua
258 1977 426 2022 ratione
457 1980 502 2021 et
531 1979 653 2035 pacis
685 1982 801 2023 artes
833 1979 1047 2023 coluerint
1067 1979 1268 2023 civitates
1291 1981 1336 2022 et
1365 1991 1457 2022 rem
1478 1978 1697 2035 publicam
1717 1977 1938 2034 sapienter
1960 1988 2080 2019 rexe-

143 2048 253 2102 rint,
293 2047 384 2092 fere
415 2061 587 2106 semper
616 2050 838 2095 destituat,
909 2051 1021 2095 Nam
1061 2063 1192 2107 quam
1230 2063 1372 2107 pauca
1402 2050 1455 2093 de
1485 2049 1653 2093 Italicis
1684 2048 1934 2093 civitatibus
1965 2060 2081 2091 com·

146 2122 270 2176 perta
297 2120 547 2176 habeamus,
578 2122 773 2167 ostendit
800 2122 876 2178 qui
905 2122 1122 2166 variorum
1154 2123 1417 2179 scriptorum
1448 2122 1700 2166 testimonia
1721 2120 1775 2164 de
1808 2121 1863 2164 iis
1888 2120 2080 2176 collegit,

145 2191 344 2248 Heynius
373 2193 419 2236 in
450 2192 658 2250 Opuscul.
688 2193 897 2238 Academ.
930 2194 1054 2237 Τοιιι.
1078 2193 1134 2237 II.
1190 2194 1255 2237 De
1289 2193 1469 2238 Siciliae
1501 2196 1647 2236 vetere
1678 2193 1862 2236 historia
1890 2195 1937 2236 et
1965 2191 2080 2235 cole-

144 2263 314 2308 uiarum
351 2263 592 2321 originibus
631 2265 839 2319 breviter,
879 2265 959 2310 sed
995 2266 1260 2319 luculenter,
1311 2268 1361 2309 ut
1399 2265 1534 2319 solet,
1577 2265 1782 2322 exposuit
1824 2264 2083 2320 Thucydides

145 2335 256 2380 libro
278 2335 306 2380 6
326 2336 422 2380 init.
474 2335 564 2380 Sed
593 2337 770 2381 eaedem
802 2338 1003 2382 civitates
1035 2338 1139 2382 olim
1159 2348 1417 2394 magnorum
1434 2337 1714 2393 scriptorum,
1747 2336 1960 2392 imprimis
1981 2336 2082 2378 Plui-

145 2408 234 2452 listi
263 2410 308 2452 et
331 2407 504 2462 Timaei,
534 2408 760 2465 ingenium
789 2413 835 2453 et
864 2410 1137 2467 diligentiam
1167 2412 1467 2462 exercuerant,
1499 2409 1657 2465 quibus
1691 2408 1943 2452 auctoribus
1977 2420 2082 2451 usus

145 2482 216 2524 est
243 2481 457 2524 Diodorus
495 2481 542 2524 in
582 2481 712 2526 rebus
754 2482 934 2527 Siciliae
974 2482 1068 2525 sive
1105 2482 1253 2539 potius
1293 2481 1671 2538 Syracusanorum
1708 2480 1811 2524 inde
1851 2493 1878 2523 a
1917 2478 2082 2523 Gelono

146 2564 285 2609 usque
317 2552 373 2596 ad
393 2551 678 2609 Agathoclem
709 2556 944 2611 tyrannum
976 2552 1219 2598 scribendis
1251 2552 1314 2604 (ιιι
1343 2553 1467 2597 libris
1498 2553 1573 2609 qui
1602 2552 1764 2608 integri
1785 2551 1946 2595 servati
1965 2556 2083 2603 sunt,

147 2623 370 2678 11-20).
442 2624 600 2669 Cetera
627 2627 787 2681 partim
827 2639 884 2670 ex
914 2625 1110 2670 eiusdem
1141 2624 1371 2681 scriptoris
1403 2623 1684 2681 fragmentis,
1722 2623 1880 2679 partim
1911 2636 1966 2666 ex
1998 2623 2082 2666 Ro·

146 2707 368 2740 manarum
397 2708 543 2740 rerum
573 2697 824 2741 auctoribus
857 2697 1148 2752 colligunturz
1180 2697 1334 2739 Dionis
1364 2699 1409 2739 et
1444 2696 1704 2739 Timoleontis
1734 2695 1846 2739 vitas
1877 2698 1922 2738 et
1953 2694 2082 2737 houe-

147 2767 342 2812 stissima
377 2766 592 2812 libertatis
624 2768 1000 2824 Syracusanorum
1039 2767 1334 2812 restituendae
1378 2767 1523 2811 studia
1552 2771 1862 2812 enarraverunt
1892 2766 2083 2822 siugula-

146 2838 268 2884 ribus
296 2838 419 2882 libris
449 2839 700 2883 Plutarchus
729 2843 776 2884 et
809 2840 1019 2884 Cornelius
1046 2839 1202 2895 Nepos.
1289 2831 1292 2833 ¹

270 2909 695 2967 Carthaginiensium
726 2924 853 2967 vero,
893 2924 1077 2969 magnae
1109 2914 1156 2956 et
1186 2910 1479 2955 memorabilis
1511 2910 1725 2962 civitatis,
1758 2910 1876 2954 nulla
1905 2922 2082 2966 prorsus

148 2981 331 3027 historia
359 2985 441 3036 est,
473 2983 633 3039 quippe
662 2995 847 3040 quorum
876 2996 947 3028 res
979 2983 1124 3028 nullus
1156 2983 1431 3039 scriptorum,
1471 2994 1581 3038 quos
1612 2981 1786 3037 quidem
1819 2994 1935 3024 nunc
1968 2981 2084 3036 lega-

150 3066 269 3109 mus,
312 3053 415 3098 data
445 3066 578 3110 opera
607 3055 856 3112 scripserit,
895 3067 1035 3111 neque
1066 3056 1228 3100 mentio
1258 3054 1336 3099 fiat
1366 3055 1452 3099 nisi
1481 3066 1558 3110 per
1589 3053 1844 3097 occasiones
1875 3052 2083 3095 bellorum

153 3127 228 3169 aut
263 3139 289 3169 a
318 3125 505 3179 Siculis,
545 3127 622 3170 aut
658 3139 685 3170 a
713 3126 922 3171 Romanis
962 3130 1199 3184 gestorum.
1269 3126 1420 3182 ltaque
1461 3125 1665 3181 quoniam
1703 3123 1876 3168 easdem
1915 3135 1985 3166 res
2017 3123 2083 3165 bis

152 3207 314 3251 P⁰uete
343 3197 579 3250 noluimus,
610 3196 875 3254 singularem
906 3198 1006 3243 huic
1037 3199 1197 3255 populo
1228 3198 1274 3242 in
1296 3196 1525 3241 annalibus
1547 3195 1709 3240 nostris
1732 3195 1873 3239 locum
1896 3193 2084 3237 tribuen-

153 3266 255 3310 dum
287 3279 386 3311 esse
418 3280 506 3311 non
537 3268 895 3315 existimavimus.

275 3410 363 3455 Sed
391 3411 566 3466 popalus
586 3410 808 3465 Romanus,
836 3411 916 3476 Q>
934 3411 1063 3455 rebus
1095 3411 1233 3468 gestis
1265 3411 1394 3468 longe
1417 3409 1574 3455 ceteris
1597 3409 1797 3453 omnibus
1819 3408 2085 3462 antecelluit,

155 3484 201 3526 et
228 3482 411 3539 imperio
443 3494 522 3526 suo
553 3485 692 3526 totum
723 3482 870 3527 orbem
900 3487 1110 3527 terrarum
1131 3481 1357 3539 amplexus
1379 3482 1507 3526 unico
1536 3480 1739 3538 exemplo
1761 3493 1839 3538 per
1859 3484 2085 3525 sescentos

157 3552 292 3598 ferme
322 3566 459 3598 annes
491 3555 645 3609 tenuit,
675 3554 1047 3622 [tgplurimorum
1078 3554 1338 3611 scriptorum
1370 3556 1416 3597 et
1435 3553 1725 3598 Romanorum
1756 3556 1801 3597 et
1822 3551 2086 3599 Graecorum
