2392 4016
341 216 428 262 130
1111 214 1288 255 Annales
1317 215 1489 254 Romani

343 362 470 395 mehr.
545 371 628 395 u.c.
734 406 935 449 Aemulus
965 409 1009 450 et
1043 407 1087 450 0
1119 407 1347 459 Memmim
1390 418 1445 448 ex
1477 405 1569 449 Cal.
1599 406 1809 451 Novemb.
1843 407 1905 449 M
1939 407 2169 450 Herennius
2202 408 2271 450 Pi·

675 465 680 499 l
734 481 837 508 cens.
839 465 864 517 )
926 465 1046 509 Idem
1077 479 1174 510 cum
1207 466 1403 522 Agrippa
1432 465 1652 521 Dalmatas
1684 467 1945 510 rebellantes
1979 466 2151 519 domat,
2194 466 2270 510 Sa-

735 525 892 578 lonam,
925 529 1054 582 caput
1085 526 1244 582 gentis,
1274 519 1476 568 incendio
1509 523 1644 579 delet3
1678 525 1879 570 Salassos
1903 525 2048 568 domat
2069 500 2269 568 Valerius

732 557 948 627 Messalla.

688 630 697 693 f
791 643 1006 686 Antonius
1030 640 1323 699 Artavasden,
1354 641 1586 685 Armeniae
1617 655 1783 699 regem,
1816 655 1944 699 quem
1964 644 2010 685 in
2030 643 2145 685 bello
2168 643 2268 685 Par·
2279 664 2284 669 ·

686 703 694 732 ἱ
736 701 852 745 thico
886 701 1429 758 proditionis-suspectum
1460 702 1682 755 habuerat,
1714 701 2010 744 fraudulenter
2031 714 2268 758 aggressus

733 762 779 803 in
810 761 983 803 vincula
1014 760 1206 813 coniicit,
1246 773 1429 817 regnum
1460 761 1505 803 in
1539 773 1663 804 suam
1691 764 1952 817 potestatem
1984 761 2156 817 redigit,
2197 760 2270 803 de-

734 833 816 875 que
848 820 914 863 his
955 819 1084 862 rebus
1117 819 1255 875 gestis
1288 822 1331 862 et
1360 820 1626 875 triumphum
1666 820 1758 876 agit
1787 819 2076 863 Alexandriae
2109 822 2153 862 et
2190 820 2269 862 im·

733 881 906 934 perator
939 888 988 920 lv
1019 878 1273 934 appellatur.
1344 877 1639 934 Cleopatram,
1679 891 1807 934 quam
1845 879 1988 935 palam
2019 891 2097 934 pro
2131 891 2264 921 uxore

732 937 874 991 habet,
906 937 1102 993 reginam
1130 950 1284 994 regum
1314 938 1487 1007 publice
1517 937 1719 994 appellat,
1753 941 1880 994 atque
1903 938 1996 980 eius
2019 937 2134 990 filiis,
2166 951 2262 993 par-

733 997 812 1038 tim
843 1009 897 1038 ex
930 995 1130 1048 Caesare,
1161 996 1320 1051 partim
1350 999 1406 1039 ex
1435 997 1533 1054 ipso
1566 998 1798 1052 susceptis,
1829 1010 1966 1053 regna
1997 970 2163 1039 dividi't.

796 1054 1083 1109 Triumphant
1111 1054 1220 1109 prid.
1256 1053 1347 1096 Cal.
1378 1054 1459 1097 Iul.
1492 1055 1544 1097 Τ.
1567 1055 1765 1099 Statilius
1799 1069 1855 1098 ex
1883 1055 2045 1108 Africa,
2079 1065 2134 1097 111
2157 1054 2270 1098 Non.

736 1111 857 1168 Sept.
892 1110 939 1154 C.
963 1111 1118 1154 Sosius
1151 1124 1206 1154 ex
1236 1112 1411 1166 Iudaea,
1443 1122 1494 1155 lv
1525 1113 1588 1155 Id.
1623 1114 1716 1157 Oct.
1751 1113 1799 1157 C.
1821 1113 2051 1158 Norbanus
2083 1115 2270 1158 Flaccus

735 1184 791 1213 ex
820 1171 900 1214 His
935 1171 1045 1213 ania.

794 1184 974 1273 1110111111
1002 1243 1039 1272 3.
1063 1229 1103 1271 (1.
1127 1238 1184 1270 111
1206 1227 1269 1271 Id.
1291 1229 1390 1272 Mai.
1424 1227 1472 1273 C.
1496 1228 1732 1273 Sallustius
1756 1229 1950 1305 Crispus,
1982 1225 2125 1274 rerum
2147 1231 2270 1275 Rom.

734 1288 1069 1332 florentissimus
1103 1290 1266 1331 auctor.

399 1350 455 1395 33
536 1350 618 1394 721
685 1348 785 1392 Cos.
823 1349 867 1391 Ο.
897 1349 1036 1390 Iulius
1079 1348 1234 1390 Caesar
1269 1348 1481 1390 Octavian.
1514 1347 1573 1389 II
1596 1345 1802 1400 (Calend.
1833 1346 2046 1390 Ianuariis
2089 1347 2185 1390 suff.
2216 1349 2272 1390 L.

734 1409 959 1450 Autronius
987 1408 1163 1459 Paetus,
1204 1406 1295 1449 Gal.
1327 1405 1408 1449 Iul.
1441 1403 1510 1449 Μ’.
1541 1406 1710 1449 Acilius
1742 1406 1917 1460 Aviola,
1959 1406 2051 1450 Gal.
2094 1407 2189 1450 Oet.
2222 1407 2272 1459 Q.

735 1466 988 1519 Laronius),
1027 1467 1074 1509 L.
1105 1467 1316 1508 Volcatius
1348 1466 1493 1508 Tullus
1523 1464 1648 1518 (suff.
1675 1465 1767 1508 Cal.
1788 1467 1897 1510 Mais
1923 1466 1972 1508 L.
1995 1466 2189 1519 Flavius,
2223 1466 2270 1509 C.

735 1525 945 1569 Fonteius
970 1525 1138 1581 Capito,
1171 1524 1262 1567 Cal.
1287 1525 1407 1580 Sept.
1430 1525 1480 1567 L.
1498 1524 1734 1577 Vinicius).
1782 1525 1996 1568 Antonius
2018 1526 2272 1568 societatem

738 1598 836 1627 011111
864 1598 970 1641 rege
991 1585 1214 1627 Medorum
1244 1585 1340 1637 init,
1372 1585 1458 1626 13111
1490 1585 1654 1626 auxilia
1685 1585 1739 1626 ad
1768 1585 1931 1627 bellum
1963 1597 2061 1627 cum
2085 1584 2272 1627 Caesare

734 1643 980 1687 faciendum
1020 1644 1292 1699 quaeritans.
1375 1643 1487 1686 Nam
1527 1643 1752 1686 Octaviam
1789 1657 1990 1696 uxorem,
2042 1644 2180 1686 Roma
2218 1644 2272 1686 ad

733 1704 877 1758 ipsum
909 1702 1232 1758 componendae
1253 1702 1496 1745 discordiae
1518 1715 1652 1745 causa
1670 1702 1922 1758 profectam,
1953 1703 2137 1746 Athenis
2170 1704 2270 1746 sub-

735 1763 890 1804 sistere
921 1762 1056 1814 iubet,
1087 1764 1312 1816 totumque
1344 1774 1392 1804 se
1426 1760 1680 1817 Cleopatrae
1712 1763 1847 1816 amori
1878 1762 2011 1804 dedit.

668 1823 685 1907 x
796 1820 958 1863 Caesar
987 1821 1184 1876 legiones
1218 1833 1319 1863 suas
1352 1820 1614 1863 exercitatas
1635 1823 1780 1874 tenet,
1802 1821 2042 1874 Dalmatas,
2074 1821 2214 1864 denuo
2247 1835 2272 1863 a

737 1879 910 1923 Statilio
934 1879 1078 1922 Tauro
1107 1879 1287 1935 fractos,
1311 1880 1410 1934 ipse
1442 1877 1496 1921 ad
1527 1879 1792 1935 stipendium
1823 1880 2080 1922 solvendum
2111 1880 2270 1936 adigit3

735 1940 884 1982 urbem
915 1939 1098 1981 Romam
1127 1939 1191 1981 M.
1213 1939 1427 1994 Aqrippa,
1468 1938 1582 1980 ultro
1621 1942 1827 1994 suscepte
1858 1941 2088 1981 aedilitatis
2127 1952 2270 1992 onere,

735 1999 903 2055 privato
937 2001 1112 2054 sumptu
1143 2001 1280 2050 011131,
1312 1997 1485 2050 cloacas
1516 1998 1814 2054 repurgandas
1847 2001 1983 2052 curat,
2015 2011 2170 2054 aquam
2200 1998 2270 2041 Iu-

733 2058 836 2100 liam
868 2058 1049 2100 Romam
1080 2058 1211 2100 ducit.

398 2118 454 2162 32
536 2118 622 2161 722
686 2117 785 2160 Cos.
813 2117 884 2160 Cn.
905 2118 1112 2159 Domitius
1132 2118 1438 2169 Ahenobarbus,
1477 2116 1522 2158 G.
1543 2099 1691 2158 Sosius
1712 2138 1768 2145 —
1790 2129 1845 2159 ex
1867 2116 1958 2159 Cal.
1981 2116 2060 2159 Iul.
2094 2118 2146 2159 L.
2176 2117 2271 2159 Cor-

734 2177 864 2217 nelias
891 2177 1062 2228 Balbus,
1096 2189 1152 2218 ex
1184 2175 1275 2218 Gal.
1306 2175 1516 2218 Novemb.
1549 2175 1612 2218 M.
1636 2176 1823 2221 Valerius
1842 2176 2006 2218 Potitus
2026 2175 2270 2227 Messalla.)

734 2235 993 2277 Inimicitiae
1023 2235 1293 2277 triumvirum
1323 2235 1369 2276 in
1402 2235 1544 2276 bellum
1585 2237 1826 2290 erumpunt.
1896 2235 2112 2278 Antonius
2145 2236 2271 2278 Octa·
2296 2244 2306 2285 ’1

736 2294 830 2336 viae
862 2293 1266 2349 repudium-mittit,
1300 2292 1461 2335 Caesar
1492 2294 1697 2349 gravibus
1727 2294 1775 2336 in
1808 2297 1961 2336 senatu
1994 2297 2038 2336 et
2068 2295 2269 2337 contione
2303 2287 2308 2321 '³

738 2353 1003 2395 orationibus
1043 2353 1227 2405 habitis,
1266 2353 1534 2408 recitatoque
1564 2351 1746 2395 Antonii
1775 2355 2058 2406 testamento,
2100 2353 2271 2409 perficit
2307 2393 2310 2409 ÷
2382 2399 2392 2402 ,

735 2414 784 2454 111
813 2412 1041 2468 imperium
1079 2411 1145 2454 illi
1183 2412 1437 2467 abrogetur,
1477 2414 1522 2454 et
1553 2411 1808 2467 Cleopatrae
1846 2412 2008 2454 bellum
2038 2413 2267 2455 indicatur.

735 2471 875 2513 Ambo
908 2484 996 2514 cos.
1029 2471 1239 2526 multique
1270 2471 1358 2523 alii,
1391 2471 1466 2526 qui
1495 2469 1684 2513 Antonio
1715 2470 1923 2523 faverent,
1956 2472 2010 2513 ad
2041 2485 2139 2514 eum
2170 2485 2268 2527 pro-

736 2528 1012 2582 ficiscuntur,
1054 2529 1240 2573 Caesare
1272 2542 1359 2572 non
1397 2530 1681 2586 impediente:
1723 2533 1874 2573 contra
1902 2531 2109 2573 Antonii.
2123 2535 2268 2587 partes

734 2588 942 2632 deserunt
970 2589 1021 2631 L.
1052 2589 1262 2642 Plancus,
1302 2589 1356 2631 M.
1391 2589 1553 2642 Titius,
1593 2589 1649 2631 M.
1682 2589 1871 2632 Silanus.
1942 2590 2166 2646 Utrimque
2198 2603 2270 2633 co-

733 2649 831 2703 piae
861 2648 1087 2704 pedestres
1121 2649 1371 2691 etnavales
1404 2648 1728 2701 contrahuntur,
1761 2662 1900 2704 neque
1932 2651 2077 2692 tamen
2108 2649 2267 2692 Anton.

735 2706 1009 2762 Cleopatram
1042 2721 1066 2749 a
1099 2720 1145 2750 se
1178 2708 1369 2760 dimittit,
1401 2707 1479 2751 sed
1511 2720 1608 2750 cum
1641 2720 1692 2750 ea
1721 2707 1884 2764 Ephesi
1904 2707 2173 2764 Athenisque
2204 2709 2268 2751 lu·

735 2766 911 2808 xuriose
942 2767 1063 2819 vivit,
1095 2767 1237 2810 Patris
1268 2767 1430 2809 hiemat
1459 2767 1504 2809 in
1534 2766 1713 2809 Achaia.

794 2825 958 2867 Romae
998 2826 1264 2881 triumphant
1302 2826 1352 2868 L.
1386 2826 1573 2868 Marcius
1604 2819 1831 2882 Philippus
1871 2828 1915 2868 et
1943 2825 2026 2882 Ap.
2061 2825 2267 2869 Claudius

734 2883 920 2926 Pulcher
951 2897 1006 2926 ex
1037 2885 1176 2940 Hisp„
1207 2885 1256 2927 L.
1277 2884 1534 2928 Cornificius
1566 2898 1622 2927 ex
1642 2884 1803 2928 Africa.
1844 2885 2038 2928 Mortuus
2070 2888 2138 2927 est
2166 2885 2207 2927 h.
2229 2899 2267 2928 a.

713 2943 1057 2998 lseptuagesimo
1107 2944 1291 2998 septimo
1339 2945 1501 2987 aetatis
1541 2956 1653 2986 anno
1694 2944 1744 2987 T.
1785 2945 2049 3001 Pomponius
2089 2945 2265 2996 Atticus,

733 3001 787 3043 M.
821 3001 956 3054 Tullii
986 3002 1177 3044 amicitia
1207 3003 1364 3045 clarus.

400 3061 452 3104 31
538 3062 623 3104 723
687 3049 787 3104 008.
825 3051 868 3102 O.
900 3061 1034 3102 Iulius
1069 3061 1222 3102 Caesar
1257 3059 1469 3102 Octavian.
1492 3062 1576 3102 III
1599 3061 1672 3112 (ex
1695 3060 1785 3103 Cal.
1810 3061 1903 3103 Oct.
1932 3062 2000 3103 Cn.
2019 3061 2264 3116 Pompeius),

734 3120 797 3161 M.
824 3120 1015 3161 Valerius
1045 3111 1248 3161 Messalla
1284 3120 1478 3162 Corvinus
1509 3119 1692 3171 (nobilis
1726 3119 1910 3172 orator),
1944 3133 1999 3162 ex
2032 3120 2122 3163 Cal.
2156 3121 2264 3163 Mais

736 3179 800 3222 M
836 3177 1001 3229 Titius.)
1065 3178 1248 3221 Curam⁴
1254 3179 1402 3222 urbis..
1407 3178 1631 3221 et—Italiae
1666 3179 1779 3234 gerit
1813 3178 1861 3221 C.
1894 3178 2060 3222 Cilnius
2099 3180 2265 3222 Maece-

546 3240 598 3276 32
736 3251 828 3280 nas.
886 3237 1436 3281 Exercitus-Caesarianus
1474 3238 1520 3279 in
1550 3238 1729 3293 Epirum
1759 3237 1994 3291 traiicitur,
2037 3241 2263 3294 castraque

517 3296 623 3345 Aug.
700 3345 705 3353 Ι
734 3296 786 3338 3(1
819 3297 961 3338 sinum
993 3296 1269 3340 Ambracium
1297 3297 1440 3353 ponit,
1483 3297 1559 3339 ubi
1587 3299 1742 3355 postea
1765 3271 2006 3353 Nicopolis-
2027 3298 2129 3340 urbs
2163 3310 2264 3341 con-

700 3355 708 3399 l.
736 3355 846 3407 dita,
888 3355 1042 3398 classis
1081 3355 1170 3400 250
1197 3357 1393 3409 navium,
1433 3369 1531 3398 cum
1571 3356 1624 3399 ab
1654 3352 1902 3398 Antoniana
1938 3360 1982 3399 et
2012 3369 2189 3398 numero
2221 3360 2265 3399 et

681 3412 684 3415 ’
734 3414 1029 3482 magnitudine
1060 3416 1234 3457 navium
1257 3417 1496 3471 superetur,
1527 3415 1708 3471 remigio
1732 3417 1935 3471 praestat.
1990 3415 2154 3457 Tamen
2174 3414 2263 3457 An-

520 3471 542 3495 ¹¹'
602 3488 644 3534 ἦ
669 3503 689 3527 χ
733 3474 879 3515 tonius
917 3473 963 3515 in
977 3474 1195 3542 gratiam
1214 3473 1468 3530 Cleopatrae
1500 3474 1659 3517 classe
1673 3474 2107 3526 decernere-statuit,
2141 3490 2261 3528 proe-

734 3532 829 3573 lium
860 3533 1114 3573 committitur
1145 3534 1209 3576 IV
1221 3529 1333 3576 Non.
1355 3534 1470 3588 Sept.
1503 3535 1544 3575 in
1574 3535 1676 3576 ostio
1707 3534 1840 3575 sinus
1844 3534 2021 3574 Ambrae.
2014 3534 2057 3574 ii
2086 3534 2145 3574 ad
2167 3548 2261 3601 pro-

731 3600 849 3633 mont.
882 3591 1056 3634 Actium.
1103 3591 1296 3635 Vincunt
1317 3593 1581 3645 Caesariani,
1614 3593 1722 3635 duce
1753 3590 1959 3647 Agrippa.
2001 3591 2149 3648 Fugae
2180 3592 2260 3634 ini-
