2392 4016
375 276 460 320 120
1148 275 1326 315 Annales
1355 275 1527 314 Romani

373 431 404 453 a.
421 421 504 454 Chr.
564 430 600 453 u.
616 429 647 452 c.

729 475 747 563 ἒ
823 465 1071 524 Pompeius,
1096 465 1206 524 *dum
1236 465 1488 525 provinciae
1519 477 1598 520 per
1627 465 1811 530 legatos,
1842 465 1893 509 L.
1915 464 2141 508 Afranium
2172 467 2217 508 et
2245 465 2300 508 M.

769 524 1002 580 Petreium,
1030 520 1611 582 administrantur,”iii”fiffie
1625 523 1963 575 'rem'ansit',''sed
1984 523 2033 567 ei
2043 523 2086 566 h.
2110 537 2148 566 a.
2170 536 2301 579 grave

733 561 922 626 *vulnus
953 581 1164 626 familiare
1194 580 1428 638 infligitur,
1469 581 1582 640 iulia
1603 595 1755 638 jugore
1796 586 1841 626 et
1878 595 2012 639 parvo
2043 581 2132 625 filio
2164 595 2220 625 ex
2251 595 2303 625 ea

767 644 971 698 suscepto
1010 642 1205 686 mortuis.
1277 641 1534 698 Triumphat
1574 654 1612 684 a.
1645 641 1685 684 d.
1728 651 1776 684 lv
1808 639 1920 684 Non.
1953 641 2062 684 Now
2097 639 2145 684 C.
2177 641 2302 684 Pom-

762 701 913 757 ptinus
946 713 1001 743 ex
1033 699 1175 744 Gallia
1204 699 1258 743 de
1281 699 1604 755 Allobrogibus.
1657 699 1855 744 Ciliciam
1885 713 2004 756 prov.
2039 700 2200 755 accipit
2219 700 2300 755 Ap.

764 759 977 803 'Claudius
1011 759 1589 814 008·.-Gss„12i2232u3‚9.1{„811'ia
1618 771 1820 802 reversus
1861 759 1975 814 apud
2005 759 2058 800 Μ.
2095 757 2304 802 Catonem

767 820 1009 874 praetorem
1054 818 1390 874 repetundarum
1431 818 1627 873 quamvis
1669 831 1695 860 a
1735 816 1944 861 Cicerone
1985 817 2191 860 defensus
2230 817 2303 859 da-

811 879 950 920 natur.
1005 876 1157 920 Cicero
1181 875 1259 920 Gn.
1276 877 1502 921 Plancium
1525 876 1708 920 aedilem
1729 876 1921 919 curulem
1945 877 2058 928 (cum
2074 875 2127 918 A.
2145 874 2304 926 Plotio)

768 936 955 978 ambitus
986 935 1198 988 defendit,
1238 938 1283 978 et
1311 948 1390 992 pro
1420 936 1477 978 M.
1510 935 1676 979 Scauro
1714 935 2050 991 repetundarum
2091 947 2146 977 ex
2179 933 2303 978 Sard.
2361 958 2366 962 -

767 994 971 1036 accusato
1004 994 1130 1038 dicit:
1162 994 1278 1037 idem
1309 997 1474 1038 aestate
1503 995 1550 1037 in
1582 993 1775 1038 Cumano
1806 994 1940 1037 libros
1971 993 2033 1036 VI
2065 993 2117 1036 de
2149 1006 2196 1036 re
2227 1005 2304 1048 pu·

765 1051 881 1094 blica
925 1053 1079 1094 scribit
1095 1048 1251 1117 <scena
1297 1052 1459 1108 dialogi
1502 1053 1550 1096 in
1589 1066 1749 1095 annum
1790 1051 1873 1096 129
1914 1066 1953 1095 a.
1985 1051 2084 1096 Chr.
2124 1054 2303 1095 remota.

771 1109 942 1152 Asinius
971 1110 1108 1152 Pollio
1139 1109 1321 1152 alterum
1353 1114 1398 1153 et
1424 1111 1682 1154 vicesimum
1712 1124 1872 1154 annum
1904 1123 2053 1168 agens,
2095 1109 2142 1154 C.
2178 1110 2306 1154 Cato-

766 1181 866 1211 nem
896 1169 1177 1211 tribunicium
1207 1171 1398 1212 accusat.

434 1226 490 1271 53
572 1228 655 1272 701
723 1226 825 1284 Qos.
865 1227 935 1269 Cn.
967 1227 1175 1269 Domitius
1210 1227 1416 1280 Calvinus,
1455 1227 1520 1270 M
1548 1227 1739 1270 Valerius
1767 1227 1987 1279 Messalla,
2020 1228 2204 1282 septimo
2235 1227 2307 1270 de·

738 1286 890 1390 Imum
922 1299 1071 1329 mense
1102 1287 1405 1341 magistratum
1426 1299 1482 1329 ex
1501 1286 1752 1342 interregno
1774 1286 1940 1338 ineunt,
1971 1286 2159 1329 comitiis
2180 1285 2306 1329 foedo

753 1345 934 1388 ambitu
963 1345 1240 1401 perturbatis.

827 1403 879 1446 In
902 1403 1044 1447 Gallia
1067 1403 1228 1447 Caesar
1259 1403 1473 1456 civitates,
1506 1416 1616 1459 quae
1647 1403 1976 1455 rebellaverant,
2009 1414 2158 1445 omnes
2192 1403 2308 1445 subi-

772 1463 850 1518 git,
883 1463 1014 1505 etiam
1046 1463 1242 1505 Rhenum
1283 1462 1338 1504 ad
1367 1462 1672 1518 perterrendos
1707 1461 1908 1506 German.
1953 1462 2120 1504 animos
2152 1462 2309 1505 iterum

770 1522 947 1564 traiicit.
1010 1521 1100 1564 Sed
1135 1522 1182 1564 in
1214 1521 1389 1564 Oriente
1419 1522 1483 1563 M.
1522 1521 1694 1563 Crassus
1731 1521 1949 1564 funestam
1989 1520 2309 1576 expeditionem

737 1524 867 1669 ladv.
899 1580 1081 1623 Parthos
1115 1581 1320 1635 suscipit;
1362 1593 1461 1622 nam
1501 1580 1698 1636 proditus
1729 1580 1775 1622 in
1805 1580 2017 1635 Mesopot.
2050 1580 2103 1622 ab
2135 1579 2309 1635 Ab'garo

769 1638 993 1683 Osrhoeno
1008 1671 1018 1691 ,
1058 1639 1312 1682 Parthorum
1353 1639 1550 1682 exercitu
1587 1638 1899 1690 circumdatur,
1948 1641 1992 1680 et
2027 1638 2182 1681 Publio
2218 1637 2308 1680 filio

766 1697 1005 1740 fortissimo
1037 1710 1134 1740 cum
1157 1698 1375 1753 equitibus
1398 1710 1542 1750 caeso,
1572 1699 1690 1753 turpi
1709 1697 1815 1752 fuga
1835 1696 2021 1751 Qagrhas
2043 1697 2175 1752 pefit3
2207 1696 2309 1739 inde

772 1755 827 1798 ad
858 1756 1121 1811 colloquium
1155 1769 1253 1800 cum
1285 1756 1427 1799 Orode
1459 1757 1569 1800 duce
1600 1756 1746 1799 Parth.
1778 1767 2039 1812 progressus
2072 1769 2110 1797 a.
2128 1755 2168 1798 d.
2198 1755 2308 1798 vld.

769 1814 863 1857 Iun.
897 1816 1099 1867 necatur,
1123 1816 1342 1858 exercitus
1373 1815 1448 1872 yix
1481 1815 1652 1858 decima
1681 1827 1782 1874 pars
1814 1815 1859 1857 in
1890 1815 2159 1871 provinciam
2179 1814 2306 1857 redit.

769 1872 822 1923 In
836 1872 1004 1929 *Crass-i
1032 1865 1483 1933 .100u>'¹}²{f]lssssl{‚ffib}{r‡9,
1507 1871 1922 1935 auglll'jwfflatffl'?
1984 1872 2041 1915 M.
2071 1871 2307 1926 Favonius,

765 1931 822 1974 M.
854 1931 1080 1975 Iuventius
1110 1930 1362 1976 Laterensis
1402 1928 1582 1985 aediles,
1613 1927 1674 1976 L.
1702 1927 1918 1985 'Aemilius
1949 1932 2142 1984 Paullus,
2184 1931 2231 1975 C.
2265 1935 2310 1975 et

767 1990 824 2032 M.
860 1990 1032 2034 Claudii
1059 1990 1255 2034 Marcelli
1284 1993 1421 2047 praet.
1756 2035 1759 2037 ,

436 2046 493 2091 52
575 2048 664 2092 702
727 2047 827 2092 Cos.
866 2049 915 2098 Q.
955 2050 1157 2092 Caecilius
1187 2050 1380 2092 Metellus
1409 2050 1513 2092 Pius
1541 2050 1708 2104 Scipio,
1747 2062 1803 2092 ex
1843 2048 1934 2093 Gal.
1969 2048 2123 2092 Sextii.
2165 2062 2190 2091 a
2236 2049 2306 2092 Cn.

767 2108 975 2162 Pompeio,
1018 2121 1177 2164 genero
1210 2121 1303 2161 suo,
1343 2109 1522 2152 ascitus.
1583 2108 1713 2152 Initio
1745 2108 1848 2150 anni
1878 2107 1988 2150 nulli
2018 2120 2106 2150 cos.
2139 2108 2186 2150 in
2215 2121 2306 2164 rep.

578 2167 633 2203 48
773 2169 887 2219 sunt,
919 2169 1074 2222 petunt
1104 2179 1182 2222 per
1212 2168 1300 2210 vim
1332 2181 1382 2211 ac
1407 2165 1672 2210 ‘seditionem
1698 2167 1746 2209 T.
1767 2167 1932 2224 Agaga-ius
1950 2167 2072 2219 Milo,
2098 2167 2161 2209 M.
2175 2167 2309 2210 Scau-

535 2223 652 2263 Caes.
772 2237 861 2277 rus,
901 2226 950 2267 P.
983 2225 1180 2268 Plautius
1212 2226 1460 2284 Hypsaeus.
1529 2221 1799 2284 Interea-T?
1814 2225 1925 2283 34139-
1957 2226 2308 2268 inimicissimum

767 2295 894 2326 suum
924 2284 972 2326 P.
1006 2283 1206 2341 §ll-offlam
1244 2287 1472 2340 praeturae
1512 2281 1790 2327 candidatum
1826 2284 1872 2326 in
1902 2284 1974 2326 via
2002 2283 2145 2339 Appia
2175 2284 2239 2335 (a.
2263 2285 2304 2327 d.

767 2341 822 2385 13
857 2341 948 2385 Cal.
981 2340 1127 2395 Febr.)
1159 2343 1316 2396 caedit.
1385 2343 1436 2386 In
1478 2342 1622 2386 Clodii
1657 2342 1809 2386 funere
1850 2343 1901 2385 T.
1932 2342 2121 2385 Plancus
2151 2343 2306 2396 Bursa,

578 2400 631 2438 55
767 2402 821 2443 tr.
853 2401 927 2456 pl.,
968 2402 1133 2444 curiam
1165 2402 1362 2444 incendit
1401 2402 1607 2457 (eamque
1639 2402 1693 2445 ob
1725 2414 1904 2444 causam
1933 2402 2072 2456 inseq.
2106 2415 2144 2443 a.
2178 2415 2203 2444 a
2236 2402 2305 2444 Ci-

558 2457 645 2497 Cic.
775 2472 931 2503 cerone
953 2463 1184 2503 accusatus
1208 2461 1406 2504 omnibus
1430 2461 1658 2504 sententiis
1681 2459 1953 2512 damnatur),
1988 2461 2119 2502 etiam
2142 2459 2189 2503 C.
2211 2461 2307 2503 Sal-

764 2518 924 2561 lustius
959 2518 1139 2575 Crispus
1179 2520 1280 2562 trib.
1321 2533 1442 2563 acres
1485 2533 1584 2563 cum
1624 2520 1784 2562 Milone
1823 2519 2076 2562 inimicitias
2118 2523 2306 2562 exercet.

744 2575 930 2633 {Catone
968 2581 1143 2621 auctore
1188 2578 1258 2621 Cn.
1291 2579 1507 2632 Pompeius
1546 2592 1583 2621 a.
1617 2578 1658 2621 d.
1695 2588 1723 2620 v
1755 2577 1846 2621 Cal.
1879 2578 2002 2620 Mart.
2042 2581 2187 2620 absens
2229 2579 2314 2620 III

745 2651 843 2679 cos.
876 2638 962 2678 sine
993 2638 1152 2692 colleya
1183 2639 1430 2680 declaratur.
1491 2637 1536 2681 Is
1567 2637 1709 2694 legem
1741 2637 1794 2679 de
1826 2637 1973 2689 caede,
2020 2650 2130 2692 quae
2160 2638 2207 2680 in
2237 2638 2308 2680 via

747 2693 916 2750 ‘Appia‘
935 2695 1058 2738 facta*
1090 2698 1204 2749 erat,
1242 2696 1340 2749 fert,
1380 2694 1466 2752 qua
1495 2697 1593 2752 lege
1623 2710 1662 2739 a.
1695 2695 1735 2738 d.
1770 2704 1818 2737 vt
1849 2695 1913 2738 Id.
1944 2695 2049 2751 Apr.
2079 2695 2197 2749 Milo,
2238 2695 2307 2739 Ci-

764 2765 921 2796 cerone
963 2754 1242 2807 defendente,
1285 2755 1511 2798 damnatur
1553 2757 1598 2798 et
1626 2754 1865 2798 Massiliam
1903 2755 1950 2796 in
1989 2754 2168 2796 exilium
2201 2755 2306 2808 abit,

763 2824 905 2866 neque
928 2825 1015 2855 non
1038 2814 1167 2856 etiam
1186 2813 1492 2860 Clodianorum
1514 2814 1639 2856 multi
1659 2813 2013 2865 condemnantur,
2036 2814 2165 2856 etiam
2186 2817 2304 2869 post-

765 2882 894 2924 quam
937 2872 1159 2914 tribunatu
1190 2873 1410 2926 abierunt,
1453 2873 1504 2915 T.
1546 2873 1755 2925 Plancus,
1794 2871 1842 2924 Q.
1874 2872 2108 2926 Pompeius
2149 2872 2302 2915 Rufus.

722 2886 738 3005 l
762 2928 884 2971 Idem
904 2929 1138 2985 Pompeius
1171 2931 1224 2973 de
1255 2932 1419 2974 ambitu
1449 2931 1546 2983 fert,
1577 2944 1662 2986 qua
1689 2931 1787 2986 lege
1809 2930 2148 2973 condemnantur
2170 2931 2304 2974 Scau·

765 3000 854 3039 rus,
885 2987 1132 3043 Hypsaeus,
1176 2989 1223 3031 C.
1256 2990 1483 3032 Memmius
1517 2989 1754 3042 Gemellus,
1794 2989 2090 3044 qui‘Athenas
2129 2989 2175 3031 in
2214 2991 2303 3032 exi-

647 3100 649 3102 ·
761 3046 870 3088 lium
900 3047 1003 3098 abit,
1036 3048 1106 3089 cui
1136 3047 1364 3090 Lucretius
1398 3061 1571 3090 carmen
1597 3046 1656 3102 *de
1686 3061 1830 3090 rerum
1860 3050 2014 3089 natura
2035 3047 2269 3090 dedicarat.

701 3102 736 3207 Η
807 3151 818 3154 ,
826 3105 912 3155 Pro
934 3106 1090 3163 quibus
1113 3106 1279 3148 meritis
1301 3105 1508 3161 Pompeio
1530 3102 1779 3161 prOvinciae
1799 3106 1845 3148 in
1868 3106 2210 3161 quinquennium
2230 3120 2301 3150 us-

740 3176 845 3220 'que
877 3163 932 3206 ad
963 3161 1722 3221 GaK‘sziri;f⁷aiinT.21;7*‘15i56i·6gan·ti1r;
1744 3163 1840 3220 ipse
1860 3164 2003 3220 legem
2021 3165 2301 3208 tribuniciam
2330 3218 2332 3220 ‚

735 3222 982 3293 {ferendam
1017 3226 1152 3276 curat,
1184 3222 1470 3284 quajjaesari
1500 3224 1729 3279 imperium
1760 3236 1899 3279 usque
1927 3223 1983 3265 ad
2005 3225 2180 3267 comitia
2200 3225 2303 3267 anni

729 3295 742 3337 ¹2
763 3280 821 3324 48
859 3285 1116 3338 prorogatur
1154 3284 1282 3337 atque
1318 3278 1370 3324 fit
1409 3282 1602 3325 absentis
1644 3283 1753 3324 ratio
1791 3279 2000 3324 habeatur
2041 3282 2299 3325 decernitur.

734 3330 743 3349 '
765 3338 854 3382 Sed
883 3352 997 3392 mox,
1030 3338 1291 3397 eum‘leg‘em
1313 3341 1366 3384 de
1387 3341 1480 3384 iure
1503 3341 1834 3397 magistratuum
1853 3340 1998 3392 ferret,
2029 3341 2075 3382 in
2097 3353 2181 3395 qua
2203 3355 2301 3384 cum
2335 3339 2342 3349 ‘'

666 3411 669 3413 ·
710 3398 718 3450 ζ
764 3398 847 3440 hoc
879 3401 990 3450 erat,
1030 3402 1078 3441 ut
1107 3394 1398 3456 magistrat'iis'
1430 3403 1533 3456 post
1562 3400 1903 3455 quinquennium
1932 3400 2191 3456 provin-cias.
2211 3413 2300 3442 sor-

725 3479 738 3510 s
763 3458 960 3508 tirentur,
991 3459 1082 3500 tum
1113 3458 1243 3511 illud,
1283 3461 1332 3501 ut
1360 3462 1613 3515 praesentes
1646 3471 1794 3502 omnes
1825 3457 2152 3514 profiterentur,
2194 3458 2300 3500 Gae-

723 3514 731 3560 ἐ
765 3516 876 3559 saris
908 3515 1192 3559 obliviscitur.
1261 3517 1374 3561 Hinc
1407 3514 1752 3563 contentioaeeius
1786 3530 1884 3566 cum
1917 3516 2101 3562 Caesare
2135 3517 2296 3559 existit.

825 3574 973 3629 Scipio
1012 3587 1103 3617 cos.
1142 3578 1671 3630 potestatemacensorum
1709 3567 1902 3618 restituit
1942 3574 2020 3624 (cf.
2062 3588 2158 3617 ann.
2199 3575 2296 3627 58).

766 3631 919 3675 Cicero
949 3632 1002 3675 de
1033 3633 1203 3689 legibus
1236 3634 1400 3677 scribit.
