2392 4016
591 237 644 275 ab
676 247 783 275 anno
815 247 853 274 a.
876 234 971 297 ΟΜ.
1002 220 1092 274 ὶῐό
1122 235 1249 284 nme
1279 236 1333 275 ad
1364 247 1513 275 annum
1547 236 1646 275 2⁰4.
2032 234 2090 279 8⁶¹!

154 394 186 418 a.
202 383 286 418 Obr.
363 393 386 417 n
411 392 432 416 o

151 434 180 462 --·
206 435 256 457 '⁹¹
549 427 784 470 Metaurum
815 426 994 471 fluvium
1016 425 1269 473 caeduntur.
1315 425 1547 479 Hannibal,
1580 425 1727 471 dolore
1750 426 1957 484 percitus,
1987 437 2090 471 con·

187 511 190 518 ι
319 540 321 542 ,
550 486 705 531 tractis
746 486 887 544 copiis
924 485 970 530 in
1002 485 1198 531 Bruttios
1234 483 1362 528 redit.
1431 483 1541 528 item
1581 484 1625 528 in
1657 485 1869 542 Hispania
1900 485 2090 530 Hasdru·

169 549 193 578 '·
271 553 276 561 ’
319 555 323 565 ’
364 556 365 559 ’
550 545 663 590 halis
696 544 823 603 Gisg.
854 545 884 589 f.
916 557 1019 603 spes
1057 542 1379 603 recuperandae
1417 544 1669 600 provinciae
1705 545 1748 587 in
1780 545 1948 589 irritum
1979 544 2091 588 redi-

548 606 730 663 guntur:
773 617 871 648 nam
910 605 1055 648 victus
1094 602 1244 647 ad'Sil
1277 602 1363 648 iam
1394 603 1617 660 ingentem
1658 604 1896 647 exercitum
1993 603 2091 656 rdit,

171 671 220 694 s'*
272 667 294 694 »“
406 672 409 681 ’
433 709 438 714 ,
542 666 593 708 ω
642 663 845 707 ultimum
882 661 1212 721 receptaculum·
1285 661 1391 706 ades
1438 663 1635 720 repetere
1685 662 1870 719 cogitur.
1981 663 2092 706 ieme

155 731 227 754 ΓΝ·
283 727 306 753 -'
460 734 462 738 ·
548 723 700 780 Scipio
731 736 831 767 cum
863 721 913 767 G.
935 721 1087 766 Laelio
1117 720 1165 766 in
1184 719 1377 765 Africam
1408 721 1585 774 traiicit,
1615 722 1665 764 ut
1685 721 1914 778 Syphacem
1945 734 2092 779 regem

259 790 274 806 ⁸·
318 804 321 809 1
366 786 370 796 ’
455 839 457 842 ¹
547 782 909 839 Masaesylorum
932 780 988 824 ad
1028 780 1154 824 Rom.
1195 780 1348 825 societ.
1387 777 1664 832 traducat‘)
1734 780 1784 823 In
1818 779 2005 824 Graecia
2045 780 2091 823 P.

323 858 327 870 ¹
352 844 356 859 ‘
377 852 382 860 ’
435 839 456 867 ’-
547 840 770 944 Sulpticius
799 851 973 899 procos.
994 851 1093 884 cum
1114 839 1262 884 Attalo
1283 852 1387 898 rege
1410 839 1605 898 Aeginae
1627 838 1839 893 hibernat,
1873 839 2091 883 Euboeam

551 913 604 945 ea
671 933 681 944 .

602 910 657 1011 g,
690 957 904 1003 Hostilius
938 956 1047 1003 Cato
1086 970 1151 1015 pr.
1182 957 1277 1000 urb.
1318 959 1363 1000 et
1392 968 1562 1015 peregr.
1602 969 1654 1002 ac
1694 969 1827 1014 saepe
1867 970 1944 1014 per
1982 956 2093 1000 hanc

199 1071 203 1076 ¹
549 1020 735 1062 aetatem
766 1020 949 1075 utraque
979 1015 1226 1061 iurisdictio
1258 1017 1494 1060 coniuncta
1522 1017 1603 1060 est.
1657 1016 1846 1060 Comitia
1877 1016 2008 1059 habet
2038 1015 2092 1059 Η.

310 1102 312 1104 >
371 1092 373 1095 ’
472 1102 476 1106 ·
549 1077 703 1122 Livius
733 1077 854 1131 dict„
885 1077 961 1134 qui
986 1076 1107 1120 idem
1139 1086 1230 1120 cos.
1262 1078 1370 1128 erat,
1402 1074 1453 1127 Q.
1477 1073 1670 1119 Caecilio
1691 1075 1865 1118 Metello
1890 1088 2002 1131 mag.
2025 1087 2093 1131 eq.

167 1137 272 1194 ,206
353 1135 441 1197 548
501 1135 604 1181 Gos.
636 1137 692 1195 L.
720 1137 911 1180 Veturias
940 1135 1078 1188 Philo,
1114 1133 1165 1184 Q.
1194 1134 1400 1178 Caecilius
1428 1133 1662 1185 Metellus.)
1714 1133 1878 1179 Contra
1907 1133 2093 1178 Hannib.

159 1223 161 1227 ·
244 1211 249 1218 Χ
314 1213 319 1225 =
549 1209 577 1239 a
607 1207 697 1240 cos.
729 1195 837 1239 nibil
867 1193 1147 1239 memorabile
1169 1194 1347 1252 geritur,
1379 1193 1459 1237 sed
1479 1192 1647 1237 Lucani
1675 1193 1721 1237 in
1750 1193 1969 1237 dicionem
1988 1204 2093 1249 pop.

460 1280 461 1284 =
551 1255 677 1299 Rom.
708 1254 905 1298 redeunt.

611 1314 662 1358 In
692 1313 906 1371 Hispania
932 1312 1092 1368 Scipio,
1131 1323 1231 1355 oum
1261 1310 1526 1355 debellatum
1557 1310 1642 1354 iam
1705 1310 1818 1352 riore
1850 1321 1963 1353 anno
1994 1321 2094 1352 cum

553 1371 755 1430 carthag.
789 1374 921 1425 esset,
961 1371 1254 1428 Hispanorum
1285 1370 1414 1413 urbes
1445 1369 1637 1413 munitas
1708 1368 1966 1421 astulonem,
2006 1368 2094 1411 llli·

553 1433 715 1489 turgin,
747 1431 956 1488 Astapam
988 1432 1225 1487 expugnat,
1257 1427 1477 1472 Indibilim
1506 1440 1655 1485 regem
1683 1427 1956 1471 deficientem
1988 1427 2094 1484 (quo

547 1491 702 1534 eodem
734 1494 866 1548 temp.
900 1489 1031 1534 etiam
1061 1489 1248 1531 militum
1270 1487 1395 1531 Rom.
1429 1485 1586 1531 seditio
1608 1486 1844 1539 excitatur)
1877 1485 2094 1544 profligat,

552 1563 651 1595 cum
681 1550 916 1594 Masinissa
943 1547 1134 1592 Numida
1163 1546 1276 1591 clam
1306 1546 1461 1591 foedus
1493 1546 1612 1599 facit,
1644 1545 1699 1590 ad
1731 1546 1931 1588 ultimum
1964 1546 2093 1588 etiam

470 1627 471 1630 ¹
554 1609 708 1663 Gades,
737 1609 922 1666 Magone
953 1606 1146 1665 profecto
1178 1608 1223 1649 et
1253 1605 1448 1660 excluso,
1477 1605 1524 1648 in
1556 1605 1709 1649 societ.
1741 1605 1915 1662 accipit.
1981 1604 2093 1647 Tum

188 1723 192 1726 ⁵
219 1690 222 1697 ·
247 1680 250 1686 “
270 1683 274 1686 ’
542 1669 723 1712 Romam
752 1668 884 1711 victor
911 1676 1025 1710 sea-vo
1056 1681 1161 1709 anno
1183 1666 1311 1708 redit.

188 1729 277 1775 205
357 1728 446 1774 549
508 1727 610 1772 Oos.
644 1728 695 1771 P.
732 1727 943 1770 Cornelius
972 1726 1117 1781 Scipio
1149 1723 1405 1777 (Asi-icam),
1450 1722 1502 1765 P.
1534 1722 1727 1765 Licinius
1760 1722 1934 1764 Crassus
1963 1722 2095 1764 Dives

549 1791 670 1845 pont.
699 1799 815 1830 max.
826 1786 857 1840 ).
917 1785 970 1829 In
999 1784 1205 1837 Bruttiis,
1244 1795 1375 1840 quam
1411 1793 1532 1839 prov.
1572 1781 1621 1825 P.
1654 1780 1851 1824 Licinius
1894 1793 1986 1824 eos.
2027 1793 2097 1824 ac·

406 1850 408 1853 ’
500 1862 504 1867 ’
553 1846 686 1903 oepit,
718 1845 825 1889 nihil
857 1843 1135 1888 memorabile
1167 1844 1353 1900 gestum.
1413 1840 1680 1898 Scipionem,
1712 1841 1783 1883 cui
1815 1840 1971 1884 Sicilia
2000 1852 2097 1896 pro·

553 1906 700 1949 vincia
742 1904 844 1948 data
896 1903 1243 1960 permissumque
1285 1902 1401 1954 erat,
1446 1902 1497 1943 ut
1541 1899 1588 1942 in
1625 1898 1817 1943 Africam
1862 1899 2098 1951 traiiceret,

555 1964 674 2008 7000
704 1963 917 2006 voluntar.
949 1962 1073 2005 milit.
1107 1962 1370 2020 sequuntur,
1410 1957 1491 2003 sed
1520 1957 1602 2003 hoc
1634 1960 1727 2002 toto
1758 1970 1872 2002 anno
1904 1958 1949 2001 iu
1982 1958 2098 2002 bello

556 2022 846 2080 comparando
883 2023 1114 2074 versatur,
1154 2020 1240 2064 nisi
1278 2018 1396 2076 quod
1432 2017 1598 2061 Locros
1638 2016 1740 2060 data
1778 2017 2012 2060 occasione
2050 2017 2098 2060 in

556 2084 715 2139 potest.
746 2081 870 2125 Rom.
901 2079 1076 2136 redigit.
1136 2078 1293 2135 Hayo,
1323 2076 1511 2121 Hannib.
1542 2075 1689 2130 frater,
1722 2075 1919 2119 Genuam
1952 2076 2095 2119 classe

556 2141 739 2184 traiecta
769 2142 956 2199 occupat
993 2141 1038 2182 et
1070 2137 1233 2182 bellum
1263 2137 1326 2181 ibi
1354 2139 1605 2193 praeparat,
1646 2135 1719 2180 cui
1755 2138 1846 2178 tres
1877 2136 2096 2178 exercitus

557 2200 681 2244 Rom.
713 2201 1005 2257 opponuntur.
1075 2196 1127 2240 111
1164 2196 1378 2253 Hispania
1415 2194 1616 2238 Indibilis
1656 2196 1701 2237 et
1737 2193 1993 2237 Mandonius
2032 2207 2097 2237 re·

556 2258 762 2312 bellant,'
789 2257 868 2301 sed
906 2257 1140 2300 vincuntur
1180 2269 1207 2298 a
1273 2265 1416 2298 rocos.
1447 2253 1498 2297 L.
1532 2252 1735 2297 Cornelio
1767 2252 1976 2306 Lentulo,
2022 2253 2097 2309 qui

556 2317 672 2362 idem
701 2316 796 2360 aed.
828 2328 919 2360 cur.
950 2317 1057 2368 erat,
1088 2316 1133 2358 et
1161 2314 1212 2358 L.
1286 2313 1402 2357 anlio
1433 2311 1634 2357 Acidino.

615 2376 675 2420 In·
700 2375 898 2429 Graecia,
928 2386 1029 2418 cum
1059 2374 1204 2418 Aetoli
1233 2373 1384 2416 invitis
1414 2371 1625 2415 Romanis
1654 2370 1742 2414 iam
1775 2383 1874 2414 cum
1897 2370 2097 2427 Philippo

556 2446 710 2493 pacem
739 2434 964 2487 fecissent,
995 2434 1044 2477 P.
1064 2433 1348 2490 Sempronius
1371 2430 1615 2475 Tuditanus
1637 2432 1683 2474 et
1701 2430 1797 2486 ipse
1819 2442 1970 2486 pacem
1993 2429 2099 2473 facit

527 2499 608 2540 'aas
638 2495 708 2538 uis
744 2493 1088 2539 condicionibus.

658 2565 782 2597 omae
811 2552 1023 2610 templum
1043 2550 1229 2594 Virtutis
1261 2551 1306 2592 et
1324 2548 1514 2592 Honoris
1545 2546 1785 2599 dedicatur,
1816 2550 1916 2590 ante
1949 2546 2001 2590 17
2023 2559 2098 2589 an·

557 2625 640 2657 nos
672 2626 699 2656 a
727 2611 932 2656 Marcello
963 2613 1126 2663 votum,
1156 2607 1320 2666 praeda
1350 2607 1628 2664 Syracusana
1657 2609 1926 2649 exornatum.
1988 2605 2098 2649 item

554 2671 781 2716 advehitur
808 2670 1082 2715 Pessinunte
1101 2670 1239 2711 mater
1270 2665 1413 2719 Idaea,
1451 2679 1479 2710 a
1507 2665 1566 2710 P.·
1590 2664 1797 2722 Scipione
1829 2663 1908 2709 On.
1943 2663 1986 2716 t,
2018 2665 2096 2720 qui

559 2731 606 2774 in
635 2731 760 2788 Hisp.
794 2729 967 2781 cecidit,
998 2727 1175 2780 Nasica,
1206 2726 1371 2784 optimo
1401 2725 1496 2769 viro
1526 2726 1725 2783 excepta.

561 2846 576 2892 ι
621 2788 811 2834 Comitia
839 2787 971 2832 habet
1000 2786 1051 2841 Q.
1084 2785 1302 2830 Caecilius
1333 2783 1535 2830 Metellus
1565 2782 1685 2836 diet„
1717 2782 1766 2826 L.
1789 2781 1968 2826 Veturio
2000 2781 2098 2826 Phi·

578 2860 660 2893 one
691 2861 735 2892 m
795 2880 806 2891 .
895 2879 904 2890 .

196 2903 284 2951 204
364 2905 453 2951 550
513 2905 614 2952 Cos.
646 2906 709 2951 u.
737 2859 948 2950 &gemiane
973 2905 1184 2961 Caelioque,
1223 2902 1273 2947 Ρ.
1295 2902 1559 2959 Sempronius
1583 2899 1851 2951 Manna)
1903 2899 1950 2943 ln
1974 2899 2099 2943 Brut-

187 2976 190 2986 ’
218 2984 221 2986 ·
561 2966 636 3011 tiis
658 2966 826 3024 Sempr.
850 2977 940 3010 eos.
972 2966 1018 3010 et
1037 2964 1085 3008 P.
1103 2962 1299 3008 Licinius
1330 2972 1501 3020 procos.
1534 2959 1665 3005 dubio
1685 2960 1820 3003 Marte
1841 2971 1939 3002 cum
1957 2958 2096 3001 Hann-

562 3029 773 3084 pugnant.
841 3025 910 3069 Ex
952 3022 1105 3070 Sicilia
1133 3023 1302 3079 Scipio,
1345 3021 1417 3066 eui
1447 3020 1502 3064 M.
1535 3018 1645 3063 Oato
1683 3022 1888 3075 quaestor
1926 3022 2016 3069 est,
2056 3018 2097 3059 in

561 3082 752 3141 Ast-ioan
783 3085 952 3136 vaiieir,
985 3082 1250 3126 Masinissam
1281 3094 1308 3124 a
1338 3079 1561 3136 Syphace,
1600 3089 1743 3135 nuper-
1768 3077 1812 3120 in
1842 3077 2096 3121 societatem

567 3143 712 3188 Carth.
742 3146 953 3196 retracto,
992 3141 1166 3200 pulsum
1196 3139 1382 3195 exeipit,
1424 3136 1593 3181 Uticam
1623 3140 1869 3193 oppugnat,
1907 3134 1984 3178 sed
2015 3134 2097 3191 Sy·

566 3202 721 3259 phael-
745 3204 794 3246 οἱ
811 3200 1097 3246 Hasdrubalis
1128 3198 1316 3244 adventu
1346 3198 1391 3240 in
1423 3198 1570 3240 castra
1597 3193 1779 3239 hiberna
1807 3205 1856 3238 se
1887 3192 2067 3238 confert.

625 3258 842 3307 Gom
862 3260 926 3303 M.
943 3259 1104 3312 Libius,
1140 3258 1184 3302 Ο.
1202 3255 1316 3301 Nero
1345 3254 1508 3300 mutuis
1539 3253 1779 3299 inimicitiis
1800 3253 2098 3310 magistratum

600 3318 746 3363 erunt:
784 3330 918 3363 censa
954 3329 1052 3363 cum
1090 3317 1145 3360 iis
1183 3315 1258 3374 qui
1298 3315 1342 3359 in
1373 3313 1639 3359 exercitibus
1669 3312 1891 3356 merebant
1922 3311 2099 3355 214000

605 3375 819 3432 usti-,452
870 3376 963 3421 Lex
997 3376 1141 3419 Cincio
1171 3389 1198 3418 a
1227 3373 1282 3418 M.
1304 3372 1457 3418 Cincio
1478 3371 1700 3417 Alimenta
1731 3376 1784 3415 tr.
1818 3371 1876 3428 pl.
1898 3371 1951 3415 de
1971 3370 2098 3415 donis

568 3448 619 3480 ac
649 3435 900 3481 muneribus
927 3434 1078 3479 fortun

174 3515 230 3521 -=-
255 3515 263 3519 -
350 3511 506 3519 m

291 3558 337 3609 ¹'¹)
385 3557 510 3599 Gesta
545 3555 619 3596 Ιιοο
656 3566 763 3596 anno
800 3559 897 3595 aunt
923 3562 1028 3604 quae
1059 3552 1150 3596 Liv.
1181 3551 1253 3592 lib.
1286 3551 1342 3592 28
1380 3561 1406 3591 a
1443 3561 1533 3600 cap.
1572 3550 1622 3590 is
1655 3548 1762 3589 mod.
1792 3559 1918 3598 usque
1955 3549 2010 3588 ad
2046 3549 2095 3586 1⁹

177 3620 310 3667 tradit,
344 3616 556 3669 sequentia
586 3626 715 3665 usque
745 3614 798 3654 ad
828 3626 863 3653 c.
897 3614 951 3653 88
984 3623 1089 3652 anno
1122 3610 1219 3651 belli
1250 3611 1371 3651 tertio
1402 3610 1574 3649 docimo.
