2392 4016
38 292 49 334 ’ἦ
143 322 177 353 p.
195 312 233 344 C.
290 323 325 344 u.
341 322 374 344 c·
439 314 527 353 imp.

597 168 647 205 ab
679 178 783 205 anno
814 178 854 215 p.
878 164 972 205 chr.
999 166 1081 205 194
1114 177 1240 215 usque
1269 167 1321 205 ad
1352 179 1500 206 annum
1524 168 1622 207 211.
1994 170 2076 214 167

503 401 505 405 ,
597 355 822 408 minorem,
856 353 1089 400 Caesarem
1119 356 1329 414 appellat:
1368 357 1464 413 ipse
1496 362 1675 403 vocatur
1707 360 1939 403 Parthicus.
2005 360 2074 404 ln·

595 417 716 459 terea
745 415 883 459 maior
911 414 1043 469 filius,
1074 414 1265 473 Augusti
1292 417 1468 461 nomine
1489 420 1683 471 ornatus,
1714 419 1825 463 med.
1849 420 1937 463 fere
1960 432 2073 463 anno

597 473 696 518 trib.
728 476 990 530 potestatem
1019 477 1262 532 acceperat.

32 505 48 595 {²
145 535 228 580 199
291 534 378 579 952
469 533 495 578 7
558 532 659 578 Cos.
691 533 740 577 P.
777 532 1005 579 Cornelius
1034 532 1251 579 Anulinus
1282 533 1347 588 11,
1393 534 1452 579 Μ.
1481 533 1682 579 Aufidius
1712 536 1898 591 Fronto,
1939 551 2074 595 nepos

595 592 814 645 rhetoris.)
844 593 1026 637 Hatram
1055 592 1248 638 Arabum
1279 594 1445 648 urbem,
1475 594 1638 639 frustra
1667 594 1856 641 Severus
1889 596 2073 643 obsidet.

596 651 785 696 Senatus
817 652 858 695 7.
888 652 1014 696 Mart.
1047 650 1204 696 Getam
1235 651 1468 697 Caesarem
1498 652 1739 698 confirmat.

42 711 46 716 '
142 710 231 756 200
291 709 377 756 953
467 709 496 754 8
558 709 659 755 Cos.
694 710 762 755 Ti.
795 709 1003 755 Claudius
1035 710 1240 765 Severus,
1274 710 1323 755 C.
1355 710 1556 757 Aufidius
1578 712 1846 758 Victorinus.

41 767 49 825 'f
140 769 225 815 201
290 768 377 815 954
469 769 495 813 9
559 768 660 814 Cos.
692 769 744 813 L.
773 768 944 814 Annius
974 769 1211 823 Fabianus,
1240 769 1501 823 Mucianus.)
1553 770 1804 817 Caracallus
1836 776 1985 830 togam
2015 775 2058 816 vi

592 829 718 872 rilem
757 829 912 880 sumit;
951 841 1052 872 nam
1091 831 1220 873 natus
1259 832 1354 873 erat
1388 830 1432 873 4.
1466 831 1560 883 (vel
1591 830 1663 884 6.)
1691 831 1797 888 Apr.
1838 846 1950 876 anno
1993 832 2076 877 188

593 887 811 944 Lugduni.
872 887 1040 931 Cassius
1068 888 1179 942 Dio,
1212 886 1295 941 (cf.
1321 902 1390 932 an.
1417 889 1531 943 229)
1563 890 1789 935 historiam
1819 904 1919 949 pop.
1951 892 2074 935 Rom.

594 947 786 992 scribere
818 947 976 1003 coepit,
1009 959 1118 1004 opus
1149 948 1237 1004 ipsi
1266 948 1519 1005 imperatori
1549 950 1791 1005 probatum.

138 1008 225 1054 202
287 1006 374 1054 955
439 1007 496 1053 10
553 1004 814 1051 Antiochiae
853 1006 1044 1051 Severus
1082 1008 1332 1051 consulatum
1369 1009 1452 1052 init
1490 1011 1649 1052 tertium
1689 1023 1788 1054 cum
1827 1010 1890 1052 M.
1930 1011 2073 1053 Aurei.

594 1066 822 1119 Antonino,
859 1066 1022 1110 maiore
1060 1064 1166 1111 filio.
1237 1065 1372 1111 Gravi
1411 1080 1551 1124 poena
1578 1071 1804 1125 proposita
1832 1071 1987 1122 sancit,
2026 1085 2075 1112 ne

594 1127 699 1180 quis,
731 1125 885 1169 relicto
907 1124 1028 1169 cultu
1048 1124 1241 1179 deorum,
1271 1127 1454 1170 Iudaeus
1473 1137 1547 1171 aut
1572 1128 1830 1172 Christianus
1837 1130 1945 1182 fieri
1964 1130 2074 1172 velit.

592 1183 812 1237 Arabiam,
843 1184 1152 1238 Palaestinam,
1190 1184 1443 1242 Aegyptum
1475 1187 1633 1231 lustrat
1662 1187 2074 1245 Alexandrinisque,

594 1246 642 1288 ut
670 1244 717 1288 in
747 1246 947 1287 senatum
976 1244 1219 1288 Romanum
1249 1246 1527 1301 recipiantur,
1573 1247 1738 1291 tribuit.
1799 1247 1981 1291 Romam
2010 1260 2076 1290 re-

585 1315 739 1348 versus
769 1302 850 1346 filii
881 1303 1056 1359 nuptias
1079 1316 1180 1347 cum
1202 1303 1422 1359 Plautina,
1451 1305 1672 1351 Plautiani
1699 1305 1803 1360 filia,
1835 1306 2040 1349 celebrat.

135 1361 228 1409 203
284 1363 371 1408 956
434 1362 484 1406 11
550 1361 652 1406 Cos.
669 1362 720 1405 P.
737 1362 961 1417 Septimius
982 1361 1089 1406 Geta
1108 1363 1173 1417 II,
1194 1363 1299 1420 imp.
1319 1363 1465 1418 frater,
1492 1365 1538 1408 G.
1553 1366 1725 1408 Fulvius
1738 1366 1987 1409 Plautianus
2001 1365 2069 1418 II,

547 1463 550 1467 ⁴
590 1433 716 1466 socer
738 1421 966 1474 Caracalli,
997 1434 1110 1465 unus
1132 1422 1325 1466 omnium
1345 1424 1582 1468 amicorum
1602 1423 1766 1468 Severo
1796 1424 2072 1477 carissimus3

592 1480 671 1524 sed
701 1480 741 1524 is
772 1493 923 1524 mense
943 1480 1051 1534 Ian„
1084 1493 1218 1537 opera
1248 1483 1402 1538 generi
1424 1484 1494 1526 sui
1513 1482 1816 1537 labefactatus,
1850 1483 2074 1536 evertitur,

591 1539 799 1582 Plautilla
834 1539 882 1582 in
919 1539 1101 1582 exilium
1122 1540 1305 1596 ‚agitur3
1351 1541 1479 1584 multi
1518 1543 1612 1586 eius
1655 1543 1784 1585 amici
1821 1543 2072 1598 puniuntur.

588 1596 746 1651 Arcus,
792 1599 869 1654 qui
898 1600 1020 1642 extat
1049 1599 1130 1642 sub
1161 1601 1308 1643 monte
1341 1598 1542 1657 Capitol„
1583 1615 1609 1644 a
1640 1604 1794 1645 senatu
1825 1602 2072 1658 populoque

589 1656 716 1701 Rom.
746 1658 1080 1714 imperatoribus
1112 1657 1350 1702 dedicatur.

0 1687 12 1770 ¹,
37 1712 40 1754 Ϊ
135 1717 223 1763 204
285 1715 371 1762 957
437 1716 491 1761 12
553 1716 655 1761 Cos.
687 1716 738 1759 L.
759 1716 923 1760 Fabius
953 1715 1049 1760 Cilo
1071 1716 1340 1773 Septiminus
1363 1717 1408 1760 H
1438 1716 1708 1773 (praefectus
1741 1717 1879 1771 urbi),
1910 1718 1966 1760 Μ.
1984 1716 2072 1761 A'n·

590 1775 689 1819 nius
707 1775 886 1819 Flavius
902 1775 1045 1827 Libo.)
1067 1775 1182 1819 Ludi
1203 1776 1450 1821 saeculares
1472 1776 1634 1828 (octavi
1655 1775 1848 1830 omnino)
1868 1779 2069 1833 aguntur.

587 1833 731 1878 Arcus
761 1834 1095 1890 imperatoribus
1117 1834 1301 1890 erigitur
1321 1836 1375 1879 ab
1396 1836 1656 1892 argentariis
1679 1838 1725 1880 et
1744 1836 2070 1893 negotiantibus

587 1892 672 1937 fori
699 1893 859 1937 boarii=
890 1895 1012 1937 extat
1041 1894 1302 1939 etiamnunc.

135 1951 222 1998 205
285 1951 372 1997 958
436 1952 491 1997 13
553 1952 655 1997 Cos·
686 1951 796 2009 Imp.
827 1951 884 1995 M.
914 1951 1063 1997 Aurel.
1093 1951 1342 1998 Antoninus
1374 1952 1432 2006 11,
1469 1953 1518 1997 P.
1552 1953 1791 2010 Septimius
1822 1952 2070 1998 Antoninus

175 2028 177 2030 ·
595 2011 716 2064 Geta,
747 2011 857 2056 alter
888 2010 1042 2056 Severi
1071 2024 1128 2056 ex
1157 2011 1270 2057 Iulia
1300 2013 1470 2056 Domna
1497 2011 1651 2066 filius.)
1710 2013 1912 2056 Aemilius
1941 2014 2070 2069 Papi·

588 2072 748 2140 nianus,
780 2070 1257 2140 celeberrimus-ICtus,
1287 2072 1497 2128 praetorii
1527 2071 1791 2128 praefectus,
1823 2073 1948 2116 cuius
1979 2086 2069 2116 mu-

135 2190 223 2236 206
285 2188 372 2236 959
435 2189 491 2234 14
553 2130 1856 2292 cissffiafimfflfflfffflffifflffi2⁰⁰sss‘1333ffi1b1nu.
1886 2189 2067 2234 Fulvius

629 2260 652 2292 e
749 2261 873 2292 anus.

134 2309 221 2356 207
283 2308 372 2354 960
434 2305 490 2352 15
551 2305 652 2352 Cos.
683 2307 739 2351 Μ.
769 2306 939 2352 Nonius
968 2305 1122 2351 Arrius
1154 2306 1364 2352 Paulinus
1393 2306 1514 2364 Aper
1544 2310 1590 2351 et
1617 2307 1846 2355 Maximus.

134 2368 222 2415 208
283 2367 366 2414 961
433 2365 488 2411 16
550 2366 740 2411 Severus
761 2379 861 2410 cum
879 2366 998 2421 filiis,
1018 2367 1101 2412 hoc
1123 2380 1237 2411 anno
1253 2367 1523 2421 consulibus,
1543 2365 1764 2411 Antonino
1780 2366 1860 2420 ΠΙ,
1883 2365 1996 2411 Geta
2011 2365 2067 2419 ΙΙ,

543 2469 545 2471 ,
586 2426 633 2469 in
663 2426 954 2480 Britanniam,
991 2427 1080 2470 iam
1110 2439 1167 2470 ex
1206 2426 1430 2483 superiore
1472 2438 1586 2469 anno
1617 2427 1897 2470 barbarorum
1927 2426 2069 2468 incur·

590 2485 786 2530 sionibus
825 2487 1046 2539 vexatam,
1087 2483 1392 2541 proficiscitur.
1468 2484 1611 2528 Etiam
1645 2484 1757 2528 Geta
1793 2485 2069 2528 tribuniciam

588 2546 852 2600 potestatem
882 2544 1058 2600 accipit,
1087 2544 1287 2600 proximo
1319 2556 1434 2588 anno
1464 2556 1623 2588 nomen
1653 2543 1856 2601 Augusti.

137 2604 223 2650 209
285 2602 371 2650 962
435 2603 488 2647 17
551 2602 654 2648 Cos.
696 2603 764 2647 Ti.
797 2601 980 2647 Claudio
1010 2602 1276 2659 Pompeiano
1318 2605 1363 2646 et
1398 2601 1531 2647 Avito
1563 2602 1843 2648 Caledoniam
1878 2602 2068 2645 maximo

589 2675 689 2707 cum
718 2662 865 2706 labore
897 2664 942 2706 et
973 2662 1160 2707 militum
1191 2662 1451 2706 detrimento
1481 2674 1733 2719 peragrans,
1775 2662 1982 2706 barbaros
2014 2661 2068 2704 ad

587 2721 710 2778 pacis
742 2721 1022 2765 condiciones
1054 2720 1348 2778 tradendaque
1379 2733 1500 2766 arma
1528 2721 1662 2778 cogit.

55 2785 60 2788 ’
135 2782 224 2828 210
284 2782 371 2828 963
432 2780 489 2826 18
551 2778 652 2825 Cos.
692 2779 749 2823 Μ.
787 2779 931 2825 Acilio
960 2780 1194 2834 Faustino,
1239 2779 1293 2825 A.
1325 2780 1497 2826 Triario
1528 2780 1686 2825 Rufino
1724 2792 1893 2824 murum
1929 2782 2069 2823 trans-

534 2876 554 2894 ·
588 2829 2070 2956 3533..¹³⁰5.‡¹.3{¹‡‡2m..tzfiffa..⁸}⁶s1.533.¹²2stislztssssfflsse

589 2956 777 3001 Eboraci
797 2954 856 3011 (Y
856 2955 952 3011 ork)
981 2961 1213 3014 aegrotans
1235 2958 1515 3003 articulorum
1538 2957 1686 3002 dolore
1708 2960 1753 3001 et
1773 2956 2067 3000 sollicitudine

590 3015 644 3060 de
674 3016 858 3060 saevitia
885 3015 1097 3061 Antonini
1124 3017 1329 3062 Bassiani
1359 3020 1405 3061 et
1434 3020 1601 3074 patrem
1632 3019 1677 3060 et
1706 3015 1880 3060 fratrem
1913 3015 2065 3059 tollere

591 3087 646 3119 cu
676 3075 822 3119 isatis.

139 3136 221 3181 211
287 3136 375 3181 964
439 3133 494 3179 19
555 3088 742 3179 Βοοξᾶὶίι
770 3132 910 3190 pridie
941 3132 1054 3178 Non.
1084 3133 1212 3178 Febr.
1245 3132 1295 3186 Q.
1326 3132 1468 3178 Hedio
1496 3132 1610 3178 Rufo
1631 3132 1830 3177 Lolliano
1852 3131 2067 3176 Gentiano

589 3195 635 3236 et
661 3192 903 3249 Pomponio
931 3192 1073 3237 Basso
1112 3205 1203 3237 cos.
1243 3192 1435 3236 nondum
1465 3193 1640 3250 expleto
1681 3191 1750 3235 66.
1784 3203 1910 3234 anno.
1980 3192 2066 3233 An-

593 3252 754 3295 toninus
789 3251 1049 3305 Bassianus,
1086 3254 1242 3308 postea
1284 3265 1311 3295 a
1348 3250 1517 3297 Gallico
1553 3252 1834 3303 vestimento,
1873 3250 1988 3306 quod
2024 3253 2068 3293 et

590 3311 687 3367 ipse
716 3309 938 3364 induebat,
969 3314 1015 3355 et
1044 3314 1214 3356 ceteros
1235 3310 1415 3355 induere
1434 3311 1579 3365 iussit,
1609 3309 1796 3354 convicii
1817 3321 1952 3353 causa
1975 3308 2067 3351 CA-

465 3369 486 3413 1
591 3368 925 3415 RAGALLUS
955 3370 1074 3423 (sive
1106 3368 1352 3424 Caracalla,
1392 3383 1460 3427 ap.
1493 3370 1620 3415 Dion.
1659 3367 1889 3420 Taranta-5)
1921 3367 2066 3425 appel·

438 3433 489 3467 tr.
589 3428 720 3483 latus,
750 3428 978 3486 imperium
1007 3429 1133 3472 iussu
1162 3428 1338 3485 quidem
1357 3429 1494 3486 patris
1515 3442 1613 3473 cum
1634 3428 1764 3471 fratre
1787 3426 1928 3471 qu
1950 3438 2064 3470 com-

413 3493 499 3537 μοι.
591 3499 720 3532 mune
749 3487 895 3542 habet,
925 3487 1004 3532 sed
1034 3488 1239 3532 maiorem
1269 3490 1437 3545 partem
1468 3489 1564 3544 ipse
1596 3487 1680 3532 sibi
1712 3485 1918 3530 vindicat.
1979 3484 2065 3528 Ne·

437 3548 489 3584 14
526 3582 532 3583 ff
592 3546 748 3603 glectis
780 3547 976 3591 barbaris
1008 3546 1188 3590 Romam
1229 3547 1386 3591 reverti
1419 3550 1672 3603 properant:
1714 3545 1883 3590 cineres
1914 3543 2065 3588 Severi
