2392 4016
3 3039 7 3051 ·
6 3011 7 3017 ⁴
2 2411 26 2969 ‚ww-W-s
5 2374 11 2391 Ἀ
4 2341 13 2350 ³
6 2310 7 2313 „

1 3820 25 4016 W·-
2 3424 30 3806 “vw’wfl
6 3403 9 3411 -

1035 179 1251 220 Praefatio.
2071 196 2100 228 v

170 342 291 377 rum
331 323 572 377 locorum
609 322 847 377 iudicare
885 323 1146 378 solerent:
1186 323 1283 377 sed
1322 323 1559 380 habebat
1596 327 1688 381 illa
1713 348 1797 382 res
1824 328 1964 384 hanc
1989 349 2102 383 mo-

168 409 401 478 lestiam,
444 407 590 480 quod
628 415 683 463 et
719 428 948 481 magnus
986 429 1239 464 numerus
1278 419 1557 466 auctorum
1597 414 1649 466 in
1691 413 1849 467 rebus
1886 416 2102 469 tritissi-

170 495 270 550 mis
310 493 645 563 excitanduS,
683 502 739 549 et
774 495 1015 566 plerique
1054 497 1343 567 scriptores
1370 517 1540 568 usque
1566 498 1637 552 ad
1661 500 1819 553 finem
1847 501 2098 556 laudandi

169 581 414 636 fuissent.
471 580 665 652 Itaque
690 600 803 635 rem
829 581 910 635 sic
934 581 1161 650 institui,
1187 591 1265 651 ut,
1299 584 1476 639 indice
1503 586 1761 657 singulari
1789 588 2098 657 praemisso,

168 668 260 738 qui
298 685 475 722 rerum
510 675 756 722 auctores
784 666 855 721 ad
883 667 1143 737 cuiusque
1169 664 1347 740 gentis
1373 670 1653 725 historiam
1678 680 1773 725 aut
1797 674 2098 727 universam

167 760 261 808 aut
308 760 456 807 certa
502 753 726 824 periodo
775 753 1208 826 cognoscendam
1246 755 1537 811 adhibendi
1576 765 1783 826 essent,
1833 758 2100 827 docerem,

166 840 301 894 alios
338 840 662 910 scriptorum
699 840 847 894 locos
885 839 942 893 in
979 840 1098 911 ipso
1137 841 1276 896 libro
1314 861 1423 896 non
1447 843 1723 898 laudarem
1748 846 1850 899 nisi
1877 864 2099 917 paucos,

165 933 220 980 et
256 944 348 980 eos
386 945 454 980 ex
489 925 683 996 quibus
723 934 817 980 aut
852 933 970 980 tota
1006 929 1242 983 narratio
1268 928 1545 1000 penderet,
1586 939 1680 984 aut
1706 932 1797 1000 qui
1825 932 1986 1003 paulo
2013 951 2097 986 re-

163 1013 418 1067 motiores
457 1011 526 1067 ab
564 1030 666 1067 usu
705 1013 916 1085 vulgari
956 1022 1151 1069 essent.

171 1139 175 1142 ’
236 1171 436 1245 Script.
473 1173 715 1228 Berolini
752 1194 799 1228 a.
840 1174 893 1228 d.
936 1196 964 1226 v
1002 1175 1136 1230 Idus
1173 1176 1289 1233 Ian.
1322 1179 1482 1245 1819,

309 1277 527 1332 recogn.
568 1281 622 1313 ιν
659 1260 743 1315 Id.
781 1260 942 1315 Febr.
988 1262 1146 1318 1838.

1539 1378 1591 1432 c.
1633 1377 1691 1432 Τ.
1728 1377 2022 1451 Zumptius.

306 1700 375 1756 In
420 1719 560 1754 nova
610 1700 770 1754 huius
832 1700 957 1754 libri
1009 1700 1244 1755 editione
1295 1700 1534 1755 curanda
1582 1702 1713 1772 quid
1760 1704 2093 1773 sequendum

160 1794 332 1855 esset,
376 1805 485 1839 non
532 1785 752 1839 difficile
799 1795 914 1840 erat
952 1795 1204 1841 statuere.
1290 1788 1531 1841 Primum
1581 1790 1722 1842 enim
1761 1790 2094 1845 emendanda

161 1881 277 1927 erat
314 1892 492 1926 rerum
531 1873 798 1927 enarratio
835 1880 1245 1944 temporumque
1284 1875 1516 1927 notatio:
1557 1893 1662 1943 quo
1699 1876 1753 1928 in
1793 1895 1987 1947 genere
2013 1878 2092 1930 vi-

159 1977 341 2014 rorum
379 1957 662 2012 doctorum
701 1958 883 2012 studia
907 1977 1030 2013 cum
1055 1960 1344 2030 plurimum
1369 1960 1706 2030 prodessent,
1744 1962 1883 2015 hanc
1910 1970 2089 2016 tamen

160 2046 463 2099 cautionem
501 2042 826 2112 afferebant,
875 2064 941 2098 ne
981 2044 1239 2115 quicquid
1277 2066 1476 2100 novum
1510 2048 1735 2118 proferri
1770 2046 2090 2116 videremuS,

160 2130 219 2185 id
255 2131 511 2185 continuo
547 2138 822 2200 tamquam
862 2139 1067 2185 certum
1094 2131 1605 2185 commendaremus.
1663 2131 1805 2186 Sunt
1830 2134 1970 2186 enim
1996 2154 2090 2187 an-

160 2217 342 2287 tiquae
380 2217 635 2270 historiae
672 2224 853 2287 partes
893 2217 1111 2284 multae,
1150 2235 1287 2286 quae
1328 2237 1450 2272 cum
1477 2225 1570 2271 aut
1595 2219 1756 2272 nullis
1784 2227 1877 2273 aut
1900 2239 2090 2290 parum

161 2303 321 2357 certis
356 2302 655 2356 litterarum
692 2304 1051 2357 monumentis
1088 2302 1333 2374 proditae
1381 2306 1516 2372 sint,
1564 2312 1849 2374 antequam
1886 2305 1956 2360 ad
1993 2307 2089 2360 ali-

159 2407 319 2460 quam
371 2389 548 2443 lucem
605 2388 983 2458 traducantur,
1041 2390 1388 2461 plurimarum
1445 2392 1871 2445 coniecturarum
1926 2400 2087 2462 atque

156 2476 469 2547 opinionum
528 2476 760 2530 incertas
820 2478 973 2545 quasi
1029 2476 1279 2530 tenebras
1334 2485 1619 2549 peragrare
1676 2486 1937 2549 oporteat.
2020 2478 2087 2532 In

159 2561 353 2632 quibus
400 2562 447 2615 si
497 2563 589 2631 qui
638 2574 738 2616 nos
775 2562 862 2615 vel
907 2581 994 2630 ea,
1042 2581 1178 2632 quae
1227 2563 1353 2615 olim
1400 2562 1776 2631 tradebantur,
1824 2564 1963 2617 tueri
2001 2565 2085 2617 vel

159 2666 249 2716 ea,
309 2666 446 2717 quae
495 2666 639 2700 nunc
689 2649 932 2717 quamvis
990 2667 1186 2719 magna
1235 2667 1355 2701 cum
1405 2650 1798 2702 asseveratione
1847 2651 2086 2704 veritatis

157 2741 545 2805 proponuntur,
583 2753 690 2787 non
729 2735 971 2805 accipere
1010 2733 1245 2802 videant,
1284 2735 1442 2788 aliam
1476 2735 1635 2788 huius
1672 2733 1792 2787 libri
1828 2737 2086 2789 rationem

159 2837 277 2874 esse
315 2820 574 2892 cogitent,
613 2821 772 2873 aliam
814 2839 1015 2888 eorum,
1055 2821 1146 2889 qui
1184 2820 1504 2874 inveniendo
1543 2829 1702 2891 atque
1730 2821 2086 2893 excogitando

156 2906 417 2977 proficere
467 2905 650 2959 velint.
735 2905 986 2959 Alterum
1037 2915 1150 2960 erat
1165 2946 1180 2974 ,
1233 2915 1293 2960 ut
1339 2907 1436 2960 hos
1484 2907 1702 2960 annales
1751 2926 2083 2978 augeremus.

157 2990 250 3045 Fit
289 2992 455 3060 enim,
503 3009 610 3061 quo
660 2991 889 3045 alacrius
936 2992 1070 3046 haec
1120 2993 1299 3047 studia
1346 3002 1666 3065 urgeantur,
1716 3002 1775 3047 ut
1813 3012 1876 3045 eo
1915 2994 2086 3063 plura,

161 3095 296 3147 quae
337 3085 488 3130 extra
534 3076 924 3131 dubitationem
963 3080 1098 3147 sint,
1148 3081 1202 3132 in
1251 3097 1585 3133 communem
1626 3079 1862 3131 omnium
1901 3080 2086 3150 cogni-

158 3161 359 3215 tionem
396 3163 674 3233 pervenire
711 3163 959 3219 debeant.
1010 3165 1384 3236 Imprimisque
1423 3165 1476 3216 iu
1516 3165 1731 3234 proprio
1768 3164 1957 3217 horum
1992 3183 2086 3238 an-

159 3246 359 3300 nalium
398 3248 623 3302 consilio
660 3249 967 3305 faciendum
1006 3259 1137 3319 erat,
1176 3258 1236 3303 ut
1273 3258 1591 3329 temporum,
1612 3249 1822 3319 quibus
1848 3249 2083 3319 quidque.

159 3339 373 3404 gestum
412 3341 573 3402 esset,
611 3343 917 3390 accuratam
942 3336 1269 3390 notationem
1294 3344 1678 3407 expeteremus.
1738 3333 1921 3403 Quart
1948 3336 2084 3389 mul-

158 3426 243 3472 tos
283 3438 450 3473 annos
492 3418 826 3489 addidimus,
874 3422 1071 3476 multos
1110 3422 1270 3476 etiam
1310 3422 1444 3489 dies,
1483 3423 1679 3492 quique
1717 3422 1935 3476 annales
1973 3422 2084 3476 Ro-

157 3523 343 3558 manos
384 3504 783 3575 examinabunt,
830 3507 1076 3578 plurima,
1125 3526 1261 3579 quae
1300 3509 1367 3563 ad
1406 3509 1833 3581 magistratuum,
1869 3509 2083 3578 provin-
