2392 4016
287 230 375 264 Vll!
1090 217 1150 255 De
1182 214 1414 255 auctoribus

290 367 548 411 dissolveret
586 370 630 409 et
669 365 905 420 legentium
943 363 1133 406 laborem
1175 363 1365 417 augeret.
1435 359 1666 400 Praeterea
1697 357 1823 398 huius
1865 356 2089 410 scriptoris
2119 355 2206 397 tale

292 442 359 482 est
387 437 623 492 ingenium,
655 439 704 479 ut
735 448 832 478 cum
865 436 1010 478 omnia
1041 447 1087 477 se
1120 434 1274 475 docere
1305 429 1569 486 profiteatur,
1602 428 1705 470 nihil
1729 436 1918 468 accurate
1939 426 2105 478 doceat,
2135 439 2208 469 ne-

294 522 375 565 que
406 509 452 551 in
483 508 695 564 eligendis
729 507 976 549 auctoribus
1009 506 1101 548 suis
1134 516 1226 545 eam
1259 503 1416 557 ubique
1449 499 1715 555 diligentiam
1738 498 1993 550 adhibuerit,
2024 510 2151 553 quam
2168 498 2207 540 is

297 580 501 623 adhibere
533 579 731 630 debebat,
764 578 838 633 qui
868 589 954 619 non
987 575 1101 630 quod
1132 575 1226 629 ipse
1256 572 1439 615 vidisset
1469 570 1748 621 describeret,
1781 569 1859 611 sed
1889 569 2004 624 quod
2034 569 2107 611 alii
2126 571 2209 611 tra-

293 651 506 694 didissent
537 650 774 705 colligeret.
837 648 986 702 Itaque
1020 658 1105 687 non
1135 644 1223 686 fere
1265 644 1357 686 eius
1391 643 1646 685 auctoritate
1679 642 1876 692 nitimur,
1918 642 2001 683 nisi
2033 640 2108 683 ubi
2137 640 2211 682 alii

290 735 432 765 rerum
463 725 681 778 gestarum
714 719 1018 775 locupletiores
1054 718 1251 757 auctores
1284 714 1452 757 desunt.

407 793 474 835 Ex
505 793 711 836 Romanis
744 789 1027 845 scriptoribus
1061 787 1200 830 simile
1234 785 1461 829 consilium
1495 784 1580 826 alia
1608 784 1775 826 ratione
1807 786 2016 826 executus
2047 786 2116 826 est
2143 784 2213 825 Iu.-

292 867 434 916 stinus,
466 865 558 907 sive
590 863 760 918 Trogus
793 860 1048 915 Pompeius,
1087 871 1214 914 quem
1245 858 1318 900 ille
1351 857 1589 908 contraxit,
1632 857 1706 911 qui
1736 855 1960 898 historiam
2000 869 2026 897 a
2062 856 2213 911 primis

292 937 428 978 initiis
456 938 654 990 repetens
685 947 762 989 per
792 932 1024 974 nobiliores
1056 930 1239 985 populos
1273 941 1422 972 omnes
1455 941 1592 983 usque
1626 927 1679 969 ad
1710 924 1939 983 imperium
1971 927 2213 969 Romanum

295 1007 578 1050 constitutum
610 1006 670 1047 ita
699 1005 954 1059 persecutus
987 1004 1068 1054 est,
1099 1003 1147 1043 ut
1178 1000 1300 1043 libris
1332 1000 1482 1056 primis
1514 1012 1593 1043 sex
1623 1012 1692 1041 res
1713 998 1973 1041 Asianorum
2003 1001 2217 1040 veterum-

295 1091 377 1133 que
411 1076 674 1120 Graecorum
707 1075 984 1126 describeret,
1024 1087 1049 1115 a
1080 1073 1264 1128 septimo
1297 1085 1432 1127 usque
1464 1071 1520 1114 ad
1550 1071 1731 1113 alterum
1763 1073 1807 1113 et
1837 1069 2215 1126 quadragesimum

294 1150 452 1192 librum
483 1148 707 1190 historiam
738 1147 862 1202 regni
892 1145 1161 1187 Macedonici
1193 1155 1429 1198 eorumque
1450 1155 1698 1200 regnorum,
1729 1155 1838 1198 quae
1858 1144 1960 1198 post
1979 1140 2216 1184 Alexandri

293 1220 438 1275 Magni
468 1220 648 1261 mortem
679 1231 735 1260 ex
764 1218 839 1260 illo
870 1229 1004 1272 regno
1036 1218 1130 1260 orta
1162 1218 1283 1266 sunt,
1303 1214 1583 1269 explicaret,
1623 1217 1715 1257 tum
1744 1215 1873 1256 tertio
1905 1217 1950 1256 et
1979 1213 2216 1269 quadrage-

299 1291 408 1334 simo
439 1291 659 1345 antiquam
690 1290 914 1332 historiam
946 1289 1184 1331 Romanam
1217 1288 1448 1338 enarraret,
1485 1286 1638 1328 ultimo
1670 1285 1855 1340 denique
1885 1286 1994 1328 libro
2023 1297 2095 1328 res
2123 1285 2219 1327 bar-

296 1364 495 1406 barorum
527 1361 860 1403 occidentalium
891 1361 1157 1415 adiungeret.
1218 1358 1383 1409 Quodsi
1413 1358 1606 1413 integros
1628 1358 1763 1414 Trogi
1794 1358 1928 1400 libros
1950 1357 2220 1407 haberemuS,
2262 1365 2265 1367 ·

295 1433 422 1477 facile
452 1432 551 1474 huic
583 1432 707 1487 quasi
735 1431 1014 1474 fundamento
1036 1431 1242 1473 historiae
1264 1442 1314 1471 ac
1337 1430 1626 1485 geographiae
1648 1430 1808 1472 veteris
1829 1429 1958 1471 inniti
1976 1440 2221 1484 possemus,

301 1504 379 1548 sed
409 1504 706 1559 epitomatoris
737 1504 870 1546 nimia
899 1504 1089 1546 brevitas
1123 1505 1167 1544 et
1198 1501 1410 1544 dissoluta
1439 1501 1550 1543 ratio
1582 1501 1844 1557 excerpendi
1873 1500 1993 1553 facit,
2025 1502 2074 1542 ut
2093 1500 2220 1542 huius

300 1576 506 1618 librorum
537 1587 623 1616 non
655 1587 759 1617 sane
790 1587 974 1631 magnus
1005 1574 1050 1616 in
1081 1573 1348 1617 accuratiore
1378 1572 1561 1615 historia
1589 1585 1695 1615 usus
1728 1573 1798 1615 sit.

425 1646 605 1699 Orosius,
645 1648 862 1689 extremae
893 1646 1048 1689 aetatis
1081 1645 1281 1700 scriptor,
1319 1645 1362 1686 et
1401 1644 1496 1699 ipse
1528 1643 1842 1698 quodammodo
1873 1643 2098 1686 historiam
2129 1642 2222 1684 uni-

308 1717 520 1761 versalem
553 1719 809 1773 composuit,
841 1719 914 1773 qui
946 1731 1044 1760 cum
1075 1717 1159 1759 sibi
1178 1715 1479 1771 proposuisset
1499 1714 1751 1757 enarrandis
1772 1715 1962 1757 omnium
1980 1717 2222 1769 temporum

300 1789 402 1832 fatis
435 1789 675 1842 ostendere,
708 1802 879 1845 semper
909 1789 1179 1832 miseriarum
1208 1789 1384 1844 plenum
1415 1787 1563 1829 orbem
1583 1789 1794 1828 terrarum
1813 1785 1965 1839 fuisse,
1996 1789 2041 1828 et
2059 1787 2222 1828 iniuste

299 1859 440 1903 facere
487 1873 703 1916 paganos,
749 1862 824 1916 qui
868 1861 1037 1903 illarum
1078 1860 1297 1916 Originem
1338 1858 1596 1901 Christianis
1635 1857 1920 1913 religionibus
1968 1859 2230 1909 tribuerent,v

305 1932 436 1974 huius
470 1932 644 1974 consilii
676 1933 744 1974 sui
774 1945 938 1975 memor
969 1932 1177 1987 quidquid
1206 1931 1368 1986 ubique
1388 1930 1677 1972 calamitatum
1698 1932 1880 1984 peccata
1898 1930 2118 1971 hominum
2137 1903 2226 1971 me-

304 2005 481 2046 ruerant
511 2003 701 2059 collegit,
734 2006 778 2046 et
809 2016 882 2046 eas
914 2003 1099 2046 maiores
1133 2015 1230 2045 esse
1253 2002 1534 2053 demonstrat,
1567 2013 1694 2056 quam
1716 2013 1824 2056 quae
1847 2002 1938 2044 suis
1960 2001 2226 2056 temporibus

305 2074 437 2126 (cum
468 2075 641 2117 barbari
673 2074 878 2117 Germani
917 2075 964 2117 in
993 2074 1206 2130 Hispania
1235 2086 1313 2129 pro
1343 2073 1525 2127 imperio
1555 2072 1750 2115 Romano
1787 2074 1901 2116 inter
1930 2086 1978 2116 se
2010 2073 2228 2128 depugna-

302 2147 420 2199 bant,
453 2160 490 2189 a.
521 2148 623 2201 post
654 2145 752 2188 Chr.
783 2145 896 2196 418)
929 2146 1188 2189 acciderent.
1256 2145 1408 2199 Itaque
1441 2147 1634 2198 apparet,
1664 2157 1817 2187 revera
1846 2157 2056 2187 summam
2086 2157 2229 2186 rerum

305 2217 408 2259 olim
439 2219 658 2273 gestarum
689 2217 771 2260 hoc
803 2229 932 2271 opere
954 2216 1166 2259 contineri
1198 2228 1334 2271 eoque
1355 2215 1687 2277 accuratiorem,
1712 2228 1796 2270 quo
1818 2217 1996 2272 propius
2016 2216 2071 2257 ad
2090 2216 2230 2271 ipsius

305 2289 495 2331 auctoris
536 2290 720 2330 aetatem
759 2288 1029 2330 accedamus.
1101 2287 1254 2340 (Pauli
1283 2286 1446 2338 Orosii,
1486 2286 1733 2341 presbyteri
1773 2286 1981 2341 Hispani,
2022 2286 2228 2329 adversus

303 2371 496 2415 paganos
527 2360 808 2402 historiarum
840 2359 940 2402 libri
970 2362 1150 2415 septem,
1179 2359 1400 2401 recensuit
1430 2359 1474 2400 et
1495 2356 1698 2412 (parum)
1718 2357 1952 2400 illustravit
1971 2358 2115 2412 Siyeb.
2137 2358 2229 2399 Ha-

303 2445 549 2485 vercammcs,
582 2430 722 2486 Lugd.
752 2431 849 2473 Bat.
884 2430 1011 2474 1738.
1042 2430 1110 2481 4.)
1543 2441 1546 2443 ’

423 2502 684 2558 Relinquere
715 2515 803 2545 non
833 2515 1013 2557 possum
1042 2503 1157 2545 hunc
1188 2502 1331 2544 locum
1368 2501 1420 2544 de
1452 2501 1700 2544 auctoribus
1730 2501 1937 2543 historiae
1969 2501 2228 2544 universalis

309 2573 578 2628 explicandi,
618 2574 722 2628 quin
752 2576 946 2616 veterum
977 2575 1374 2628 chronoyraphorum
1403 2574 1664 2615 mentionem
1694 2572 1872 2625 faciam,
1913 2574 1987 2628 qui
2017 2586 2111 2615 eam
2140 2573 2230 2616 fere

308 2647 352 2688 et
391 2645 479 2700 ipsi
520 2658 546 2686 a
574 2645 735 2687 mundo
777 2645 952 2688 condito
983 2647 1230 2700 repetentes
1261 2645 1531 2687 brevissimis
1563 2643 1831 2700 compendiis
1861 2645 1923 2686 ita
1954 2645 2231 2700 comprehen-

312 2715 482 2768 derunt,
514 2718 563 2758 ut
594 2717 898 2759 successiones
929 2729 1082 2772 regum
1113 2719 1156 2758 et
1175 2729 1247 2759 res
1269 2717 1456 2759 maxime
1476 2716 1776 2759 memorabiles
1799 2716 1890 2758 suis
1911 2728 2104 2771 quasque
2125 2719 2231 2758 tem-

307 2788 485 2843 poribus
518 2790 718 2829 notarent
746 2788 904 2843 magis,
936 2801 1063 2843 quam
1096 2788 1407 2831 describerent.
1458 2787 1616 2831 Eorum
1649 2788 1866 2843 princeps,
1898 2800 1953 2829 ex
1982 2788 2037 2829 iis
2068 2788 2143 2842 qui
2163 2801 2231 2830 ae-

306 2860 440 2901 tatem
471 2859 675 2911 tulerunt,
716 2861 784 2901 est
813 2860 1030 2911 Eusebius,
1073 2860 1305 2915 episcopus
1339 2859 1648 2912 Caesariensis,
1689 2860 1812 2902 cuius
1844 2871 2052 2901 canonem
2081 2860 2232 2901 Hiero-

307 2946 447 2986 nymus
486 2932 530 2972 et
559 2929 715 2971 Latine
746 2930 877 2972 vertit
915 2934 959 2972 et
996 2943 1134 2985 usque
1175 2931 1230 2973 ad
1269 2945 1427 2974 annum
1458 2931 1543 2975 379
1575 2934 1677 2991 post
1707 2930 1807 2973 Chr.
1838 2933 1929 2975 nat.
1965 2931 2234 2973 continuavit

309 3002 371 3053 (in
400 3002 484 3043 Ios.
517 3002 729 3056 Scaliqeri
759 3002 981 3044 Thesauro
1013 3005 1268 3058 temporum,
1298 3002 1438 3045 Amst.
1463 3002 1591 3055 1658,
1625 3002 1837 3045 Graecum
1869 3002 1983 3044 enim
2013 3002 2232 3057 exemplar

307 3073 515 3135 interiit),
546 3086 686 3128 neque
716 3076 882 3128 postea,
914 3074 990 3116 ubi
1019 3074 1188 3129 plenior
1217 3075 1399 3117 historia
1428 3076 1726 3118 obmutescere
1757 3076 1972 3129 coeperat,
2004 3073 2233 3116 defuerunt

308 3146 460 3188 horum
492 3144 731 3188 studiorum
763 3146 934 3198 aemuli,
967 3158 1148 3201 quorum
1180 3146 1255 3189 alii
1283 3147 1520 3190 Eusebium
1552 3147 1644 3189 sive
1664 3147 1978 3201 Hieronymum
2010 3158 2146 3201 usque
2178 3145 2232 3188 ad

310 3229 393 3259 sua
426 3219 623 3273 tempora
660 3217 952 3270 deduxerunt,
992 3220 1041 3260 ut
1070 3220 1236 3262 Idatius
1266 3231 1403 3274 usque
1435 3218 1490 3260 ad
1521 3231 1558 3259 a.
1589 3218 1697 3270 468,
1737 3218 2006 3259 Marcellinus
2041 3218 2178 3259 Comes
2208 3231 2233 3259 a

311 3289 556 3332 Theodosio
586 3289 689 3344 imp.
722 3289 776 3331 ad
806 3303 844 3331 a.
868 3288 969 3342 558,
1009 3291 1149 3333 Victor
1174 3291 1448 3333 Tunnunensis
1478 3290 1531 3332 ab
1564 3303 1601 3331 a.
1632 3288 1882 3333 444-566
1913 3291 1957 3331 et
1988 3289 2052 3331 Sic
2082 3301 2230 3344 porro:

311 3361 387 3402 alii
417 3375 507 3404 rem
539 3361 592 3403 ab
623 3361 751 3404 initio
781 3362 1090 3416 repetiverunt,
1121 3364 1171 3404 ut
1206 3362 1407 3417 Georyius
1427 3362 1640 3416 Syncellus
1671 3362 1724 3405 ab
1757 3362 1859 3405 orbe
1890 3360 2064 3404 condito
2095 3372 2231 3414 usque

311 3432 366 3474 ad
392 3433 710 3476 Diocletianum
730 3434 833 3488 imp.
865 3433 1010 3489 (quem
1042 3434 1310 3476 continuavit
1331 3434 1616 3489 Theophanes
1637 3432 1862 3484 Isaacius),
1894 3433 2072 3485 Prosper
2094 3430 2232 3486 (Tyro

313 3503 404 3545 sive
425 3503 682 3557 Aquitanus)
714 3517 851 3560 usque
883 3505 938 3547 ad
969 3518 1127 3547 annum
1157 3504 1244 3548 455
1278 3505 1572 3556 (continuatus
1594 3519 1620 3547 a
1639 3503 1868 3547 Mario‘ad
1897 3517 1935 3545 a.
1957 3501 2077 3554 581),
2108 3502 2232 3543 Ioan-

311 3589 381 3617 nes
410 3576 601 3619 Malalas
637 3588 775 3632 usque
818 3575 873 3618 ad
903 3575 1188 3619 Iustinianum
1227 3577 1551 3632 imperatorem,
1591 3577 1777 3618 Isidorus
1806 3586 1944 3630 usque
1975 3572 2030 3615 ad
2060 3586 2097 3615 a.
2131 3571 2232 3626 626,
