<?xml version="1.0" encoding="UTF-8"?>
<!DOCTYPE html PUBLIC "-//W3C//DTD XHTML 1.0 Transitional//EN"
    "http://www.w3.org/TR/xhtml1/DTD/xhtml1-transitional.dtd">
<html xmlns="http://www.w3.org/1999/xhtml" xml:lang="en" lang="en">
 <head>
  <title>
</title>
<meta http-equiv="Content-Type" content="text/html;charset=utf-8" />
  <meta name='ocr-system' content='tesseract 3.04.00' />
  <meta name='ocr-capabilities' content='ocr_page ocr_carea ocr_par ocr_line ocrx_word'/>
</head>
<body>
  <div class='ocr_page' id='page_1' title='image "annalesveterumre00zumpuoft_0051.png"; bbox 0 0 2392 4016; ppageno 0'>
   <div class='ocr_carea' id='block_1_1' title="bbox 0 0 4 223">
    <p class='ocr_par' dir='ltr' id='par_1_1' title="bbox 0 0 4 223">
     <span class='ocr_line' id='line_1_1' title="bbox 0 0 4 223; baseline 0 3793"><span class='ocrx_word' id='word_1_1' title='bbox 0 0 4 223; x_wconf 95' lang='lat' dir='ltr'> </span> 
     </span>
    </p>
   </div>
   <div class='ocr_carea' id='block_1_2' title="bbox 0 3230 48 4016">
    <p class='ocr_par' dir='ltr' id='par_1_2' title="bbox 0 3230 48 4016">
     <span class='ocr_line' id='line_1_2' title="bbox 0 3230 48 4016; baseline 0 0"><span class='ocrx_word' id='word_1_2' title='bbox 0 3230 48 4016; x_wconf 95' lang='lat' dir='ltr'> </span> 
     </span>
    </p>
   </div>
   <div class='ocr_carea' id='block_1_3' title="bbox 777 190 1581 242">
    <p class='ocr_par' dir='ltr' id='par_1_3' title="bbox 777 190 1581 242">
     <span class='ocr_line' id='line_1_3' title="bbox 777 190 1581 242; baseline 0.004 -10"><span class='ocrx_word' id='word_1_3' title='bbox 777 190 922 232; x_wconf 66' lang='lat' dir='ltr'>Graeci</span> <span class='ocrx_word' id='word_1_4' title='bbox 952 202 1082 242; x_wconf 84' lang='lat' dir='ltr'>nsque</span> <span class='ocrx_word' id='word_1_5' title='bbox 1110 193 1165 232; x_wconf 77' lang='lat' dir='ltr'>ad</span> <span class='ocrx_word' id='word_1_6' title='bbox 1195 204 1288 233; x_wconf 81' lang='lat' dir='ltr'>ann.</span> <span class='ocrx_word' id='word_1_7' title='bbox 1317 194 1402 234; x_wconf 76' lang='lat'>491</span> <span class='ocrx_word' id='word_1_8' title='bbox 1426 206 1464 234; x_wconf 81' lang='lat' dir='ltr'>a.</span> <span class='ocrx_word' id='word_1_9' title='bbox 1485 194 1581 237; x_wconf 85' lang='lat' dir='ltr'>Chr.</span> 
     </span>
    </p>
   </div>
   <div class='ocr_carea' id='block_1_4' title="bbox 266 381 1809 490">
    <p class='ocr_par' dir='ltr' id='par_1_4' title="bbox 266 381 1809 490">
     <span class='ocr_line' id='line_1_4' title="bbox 266 381 1809 444; baseline 0.005 -18"><span class='ocrx_word' id='word_1_10' title='bbox 266 385 460 439; x_wconf 70' lang='lat' dir='ltr'>parchus,</span> <span class='ocrx_word' id='word_1_11' title='bbox 491 384 588 428; x_wconf 88' lang='lat' dir='ltr'>eius</span> <span class='ocrx_word' id='word_1_12' title='bbox 616 381 712 437; x_wconf 78' lang='lat' dir='ltr'>filii,</span> <span class='ocrx_word' id='word_1_13' title='bbox 743 383 1000 438; x_wconf 88' lang='lat' dir='ltr'>succedunt,</span> <span class='ocrx_word' id='word_1_14' title='bbox 1042 383 1118 441; x_wconf 87' lang='lat' dir='ltr'>qui</span> <span class='ocrx_word' id='word_1_15' title='bbox 1146 383 1307 428; x_wconf 82' lang='lat' dir='ltr'>litteris</span> <span class='ocrx_word' id='word_1_16' title='bbox 1338 385 1502 431; x_wconf 83' lang='lat' dir='ltr'>favisse</span> <span class='ocrx_word' id='word_1_17' title='bbox 1534 390 1663 444; x_wconf 78' lang='lat' dir='ltr'>atque</span> <span class='ocrx_word' id='word_1_18' title='bbox 1693 390 1809 433; x_wconf 76' lang='lat' dir='ltr'>Ana-</span> 
     </span>
     <span class='ocr_line' id='line_1_5' title="bbox 273 442 1622 490; baseline 0.004 -5"><span class='ocrx_word' id='word_1_19' title='bbox 273 444 445 486; x_wconf 73' lang='lat' dir='ltr'>creontis</span> <span class='ocrx_word' id='word_1_20' title='bbox 473 445 518 487; x_wconf 92' lang='lat' dir='ltr'>et</span> <span class='ocrx_word' id='word_1_21' title='bbox 545 443 771 486; x_wconf 70' lang='lat' dir='ltr'><strong><em>Simonidis</em></strong></span> <span class='ocrx_word' id='word_1_22' title='bbox 800 442 1115 487; x_wconf 88' lang='lat' dir='ltr'>consuetudine</span> <span class='ocrx_word' id='word_1_23' title='bbox 1144 442 1349 487; x_wconf 91' lang='lat' dir='ltr'>delectati</span> <span class='ocrx_word' id='word_1_24' title='bbox 1380 449 1622 490; x_wconf 89' lang='lat' dir='ltr'>narrantur.</span> 
     </span>
    </p>
   </div>
   <div class='ocr_carea' id='block_1_5' title="bbox 203 560 1810 1208">
    <p class='ocr_par' dir='ltr' id='par_1_5' title="bbox 203 560 1810 1208">
     <span class='ocr_line' id='line_1_6' title="bbox 269 560 1810 619; baseline 0.003 -15"><span class='ocrx_word' id='word_1_25' title='bbox 269 560 544 617; x_wconf 76' lang='lat' dir='ltr'><strong>tyrannidem</strong></span> <span class='ocrx_word' id='word_1_26' title='bbox 574 561 842 616; x_wconf 64' lang='lat' dir='ltr'>Pythqoorae</span> <span class='ocrx_word' id='word_1_27' title='bbox 885 561 1169 619; x_wconf 89' lang='lat' dir='ltr'>philosophus</span> <span class='ocrx_word' id='word_1_28' title='bbox 1201 561 1314 618; x_wconf 79' lang='lat' dir='ltr'>fugit</span> <span class='ocrx_word' id='word_1_29' title='bbox 1345 562 1437 614; x_wconf 90' lang='lat' dir='ltr'>(Ol.</span> <span class='ocrx_word' id='word_1_30' title='bbox 1466 562 1598 618; x_wconf 61' lang='lat'>621)</span> <span class='ocrx_word' id='word_1_31' title='bbox 1631 563 1810 608; x_wconf 87' lang='lat' dir='ltr'>frustra·</span> 
     </span>
     <span class='ocr_line' id='line_1_7' title="bbox 301 619 1734 677; baseline 0.003 -14"><span class='ocrx_word' id='word_1_32' title='bbox 301 632 356 663; x_wconf 90' lang='lat' dir='ltr'>ue</span> <span class='ocrx_word' id='word_1_33' title='bbox 387 622 581 663; x_wconf 81' lang='lat' dir='ltr'>evertere</span> <span class='ocrx_word' id='word_1_34' title='bbox 611 619 888 676; x_wconf 79' lang='lat' dir='ltr'>expeditione</span> <span class='ocrx_word' id='word_1_35' title='bbox 920 623 1128 677; x_wconf 81' lang='lat' dir='ltr'>suscepta</span> <span class='ocrx_word' id='word_1_36' title='bbox 1155 620 1490 665; x_wconf 89' lang='lat' dir='ltr'>Lacedaemonii</span> <span class='ocrx_word' id='word_1_37' title='bbox 1521 627 1734 667; x_wconf 88' lang='lat' dir='ltr'>conantur</span> 
     </span>
     <span class='ocr_line' id='line_1_8' title="bbox 214 677 1808 740; baseline 0.003 -17"><span class='ocrx_word' id='word_1_38' title='bbox 214 678 272 723; x_wconf 91' lang='lat' dir='ltr'>Se</span> <span class='ocrx_word' id='word_1_39' title='bbox 334 691 433 722; x_wconf 91' lang='lat' dir='ltr'>eum</span> <span class='ocrx_word' id='word_1_40' title='bbox 470 677 765 722; x_wconf 75' lang='lat' dir='ltr'>fraudulenter</span> <span class='ocrx_word' id='word_1_41' title='bbox 804 680 1144 723; x_wconf 88' lang='lat' dir='ltr'>circumventum</span> <span class='ocrx_word' id='word_1_42' title='bbox 1177 679 1382 733; x_wconf 85' lang='lat' dir='ltr'>Oroetes,</span> <span class='ocrx_word' id='word_1_43' title='bbox 1421 680 1589 738; x_wconf 76' lang='lat' dir='ltr'>Lydiae</span> <span class='ocrx_word' id='word_1_44' title='bbox 1621 688 1808 740; x_wconf 87' lang='lat' dir='ltr'>satrapa,</span> 
     </span>
     <span class='ocr_line' id='line_1_9' title="bbox 267 736 1422 797; baseline 0.002 -17"><span class='ocrx_word' id='word_1_45' title='bbox 267 738 517 794; x_wconf 80' lang='lat' dir='ltr'>Magnesiae</span> <span class='ocrx_word' id='word_1_46' title='bbox 550 738 670 781; x_wconf 90' lang='lat' dir='ltr'>cruci</span> <span class='ocrx_word' id='word_1_47' title='bbox 701 736 853 794; x_wconf 86' lang='lat' dir='ltr'>affigit.</span> <span class='ocrx_word' id='word_1_48' title='bbox 917 738 1127 797; x_wconf 74' lang='lat' dir='ltr'>Succedit</span> <span class='ocrx_word' id='word_1_49' title='bbox 1157 739 1199 782; x_wconf 92' lang='lat' dir='ltr'>ei</span> <span class='ocrx_word' id='word_1_50' title='bbox 1230 738 1422 795; x_wconf 80' lang='lat' dir='ltr'>Syloson</span> 
     </span>
     <span class='ocr_line' id='line_1_10' title="bbox 214 795 1556 856; baseline 0.003 -17"><span class='ocrx_word' id='word_1_51' title='bbox 214 797 442 840; x_wconf 73' lang='lat' dir='ltr'>Cleomenes</span> <span class='ocrx_word' id='word_1_52' title='bbox 469 795 792 840; x_wconf 85' lang='lat' dir='ltr'>Anaxandridis</span> <span class='ocrx_word' id='word_1_53' title='bbox 824 796 853 840; x_wconf 87' lang='lat' dir='ltr'>f.</span> <span class='ocrx_word' id='word_1_54' title='bbox 886 810 941 841; x_wconf 85' lang='lat' dir='ltr'>ex</span> <span class='ocrx_word' id='word_1_55' title='bbox 971 797 1128 855; x_wconf 82' lang='lat' dir='ltr'>Agidis</span> <span class='ocrx_word' id='word_1_56' title='bbox 1160 811 1239 841; x_wconf 85' lang='lat' dir='ltr'>rex</span> <span class='ocrx_word' id='word_1_57' title='bbox 1270 798 1454 856; x_wconf 82' lang='lat' dir='ltr'>Spartae</span> <span class='ocrx_word' id='word_1_58' title='bbox 1486 803 1556 843; x_wconf 90' lang='lat' dir='ltr'>est</span> 
     </span>
     <span class='ocr_line' id='line_1_11' title="bbox 266 855 1807 917; baseline 0.004 -19"><span class='ocrx_word' id='word_1_59' title='bbox 266 868 354 912; x_wconf 91' lang='lat' dir='ltr'>quo</span> <span class='ocrx_word' id='word_1_60' title='bbox 386 855 496 899; x_wconf 88' lang='lat' dir='ltr'>d&#39;uce</span> <span class='ocrx_word' id='word_1_61' title='bbox 527 855 643 899; x_wconf 92' lang='lat' dir='ltr'>bella</span> <span class='ocrx_word' id='word_1_62' title='bbox 674 868 773 899; x_wconf 89' lang='lat' dir='ltr'>cum</span> <span class='ocrx_word' id='word_1_63' title='bbox 792 855 970 913; x_wconf 87' lang='lat' dir='ltr'>Argivis</span> <span class='ocrx_word' id='word_1_64' title='bbox 1002 860 1280 911; x_wconf 84' lang='lat' dir='ltr'>renovantur,</span> <span class='ocrx_word' id='word_1_65' title='bbox 1312 858 1472 915; x_wconf 90' lang='lat' dir='ltr'>quibus</span> <span class='ocrx_word' id='word_1_66' title='bbox 1494 858 1654 903; x_wconf 87' lang='lat' dir='ltr'>Laced.</span> <span class='ocrx_word' id='word_1_67' title='bbox 1677 859 1807 917; x_wconf 83' lang='lat' dir='ltr'>longe</span> 
     </span>
     <span class='ocr_line' id='line_1_12' title="bbox 266 915 1170 971; baseline -0.004 -13"><span class='ocrx_word' id='word_1_68' title='bbox 266 915 515 971; x_wconf 83' lang='lat' dir='ltr'>superiores</span> <span class='ocrx_word' id='word_1_69' title='bbox 546 915 754 959; x_wconf 80' lang='lat' dir='ltr'>existunt.</span> <span class='ocrx_word' id='word_1_70' title='bbox 1058 943 1061 946; x_wconf 90' lang='lat'>-</span> <span class='ocrx_word' id='word_1_71' title='bbox 1166 950 1170 954; x_wconf 86' lang='lat'>.</span> 
     </span>
     <span class='ocr_line' id='line_1_13' title="bbox 203 974 1412 1032; baseline 0.002 -16"><span class='ocrx_word' id='word_1_72' title='bbox 203 974 476 1029; x_wconf 73' lang='lat' dir='ltr'>Hipparchus</span> <span class='ocrx_word' id='word_1_73' title='bbox 505 974 678 1018; x_wconf 78' lang='lat' dir='ltr'>occisus</span> <span class='ocrx_word' id='word_1_74' title='bbox 710 974 764 1019; x_wconf 80' lang='lat' dir='ltr'>ab</span> <span class='ocrx_word' id='word_1_75' title='bbox 793 975 1023 1018; x_wconf 82' lang='lat' dir='ltr'>Harmodio</span> <span class='ocrx_word' id='word_1_76' title='bbox 1054 977 1100 1018; x_wconf 82' lang='lat' dir='ltr'>et</span> <span class='ocrx_word' id='word_1_77' title='bbox 1127 975 1412 1032; x_wconf 74' lang='lat' dir='ltr'>Aristoqitone</span> 
     </span>
     <span class='ocr_line' id='line_1_14' title="bbox 205 1031 1807 1093; baseline 0.002 -17"><span class='ocrx_word' id='word_1_78' title='bbox 205 1031 546 1093; x_wconf 59' lang='lat' dir='ltr'>Alcmgffluidae</span> <span class='ocrx_word' id='word_1_79' title='bbox 577 1033 730 1077; x_wconf 83' lang='lat' dir='ltr'>exules</span> <span class='ocrx_word' id='word_1_80' title='bbox 762 1047 788 1076; x_wconf 91' lang='lat' dir='ltr'>a</span> <span class='ocrx_word' id='word_1_81' title='bbox 819 1033 869 1081; x_wconf 89' lang='lat' dir='ltr'>Cl</span> <span class='ocrx_word' id='word_1_82' title='bbox 1028 1047 1052 1078; x_wconf 94' lang='lat' dir='ltr'>e</span> <span class='ocrx_word' id='word_1_83' title='bbox 1081 1047 1184 1090; x_wconf 80' lang='lat' dir='ltr'>rege</span> <span class='ocrx_word' id='word_1_84' title='bbox 1206 1035 1309 1079; x_wconf 87' lang='lat' dir='ltr'>Lac.</span> <span class='ocrx_word' id='word_1_85' title='bbox 1343 1036 1488 1087; x_wconf 89' lang='lat' dir='ltr'>(iussu</span> <span class='ocrx_word' id='word_1_86' title='bbox 1519 1035 1683 1079; x_wconf 90' lang='lat' dir='ltr'>oraculi</span> <span class='ocrx_word' id='word_1_87' title='bbox 1705 1035 1807 1079; x_wconf 92' lang='lat' dir='ltr'>Del-</span> 
     </span>
     <span class='ocr_line' id='line_1_15' title="bbox 261 1091 1805 1152; baseline 0.003 -17"><span class='ocrx_word' id='word_1_88' title='bbox 261 1091 406 1149; x_wconf 83' lang='lat' dir='ltr'>phici)</span> <span class='ocrx_word' id='word_1_89' title='bbox 447 1092 584 1136; x_wconf 88' lang='lat' dir='ltr'>adiuti</span> <span class='ocrx_word' id='word_1_90' title='bbox 619 1091 816 1136; x_wconf 87' lang='lat' dir='ltr'>Athenas</span> <span class='ocrx_word' id='word_1_91' title='bbox 853 1106 900 1137; x_wconf 89' lang='lat' dir='ltr'>re</span> <span class='ocrx_word' id='word_1_92' title='bbox 933 1096 1059 1147; x_wconf 90' lang='lat' dir='ltr'>eunt,</span> <span class='ocrx_word' id='word_1_93' title='bbox 1099 1094 1287 1149; x_wconf 78' lang='lat' dir='ltr'>Hippiae</span> <span class='ocrx_word' id='word_1_94' title='bbox 1324 1095 1491 1139; x_wconf 89' lang='lat' dir='ltr'>eiectus</span> <span class='ocrx_word' id='word_1_95' title='bbox 1530 1094 1711 1152; x_wconf 83' lang='lat' dir='ltr'>Sigeum</span> <span class='ocrx_word' id='word_1_96' title='bbox 1749 1095 1805 1139; x_wconf 87' lang='lat' dir='ltr'>ad</span> 
     </span>
     <span class='ocr_line' id='line_1_16' title="bbox 263 1150 1181 1208; baseline 0 -12"><span class='ocrx_word' id='word_1_97' title='bbox 263 1151 578 1196; x_wconf 79' lang='lat' dir='ltr'>Scamandrum</span> <span class='ocrx_word' id='word_1_98' title='bbox 606 1150 787 1196; x_wconf 85' lang='lat' dir='ltr'>fluvium</span> <span class='ocrx_word' id='word_1_99' title='bbox 817 1164 916 1196; x_wconf 91' lang='lat' dir='ltr'>cum</span> <span class='ocrx_word' id='word_1_100' title='bbox 946 1154 1039 1196; x_wconf 90' lang='lat' dir='ltr'>suis</span> <span class='ocrx_word' id='word_1_101' title='bbox 1070 1154 1181 1208; x_wconf 90' lang='lat' dir='ltr'>petit</span> 
     </span>
    </p>
   </div>
   <div class='ocr_carea' id='block_1_6' title="bbox 0 499 1806 757">
    <p class='ocr_par' dir='ltr' id='par_1_6' title="bbox 0 499 1806 757">
     <span class='ocr_line' id='line_1_17' title="bbox 0 499 1806 757; baseline 0.004 -215"><span class='ocrx_word' id='word_1_102' title='bbox 0 499 33 757; x_wconf 14' lang='lat'>³?</span> <span class='ocrx_word' id='word_1_103' title='bbox 212 501 378 546; x_wconf 86' lang='lat' dir='ltr'>Eodem</span> <span class='ocrx_word' id='word_1_104' title='bbox 407 501 497 545; x_wconf 87' lang='lat' dir='ltr'>fere</span> <span class='ocrx_word' id='word_1_105' title='bbox 526 503 720 558; x_wconf 75' lang='lat' dir='ltr'>tempore</span> <span class='ocrx_word' id='word_1_106' title='bbox 741 501 983 557; x_wconf 71' lang='lat' dir='ltr'>Polycrates</span> <span class='ocrx_word' id='word_1_107' title='bbox 1011 505 1223 559; x_wconf 83' lang='lat' dir='ltr'>tyrannus</span> <span class='ocrx_word' id='word_1_108' title='bbox 1245 502 1491 547; x_wconf 87' lang='lat' dir='ltr'>Samiorum</span> <span class='ocrx_word' id='word_1_109' title='bbox 1510 504 1650 557; x_wconf 84' lang='lat' dir='ltr'>floret,</span> <span class='ocrx_word' id='word_1_110' title='bbox 1682 508 1806 551; x_wconf 89' lang='lat' dir='ltr'>cuius</span> 
     </span>
    </p>
   </div>
   <div class='ocr_carea' id='block_1_7' title="bbox 264 1259 1249 1327">
    <p class='ocr_par' dir='ltr' id='par_1_7' title="bbox 264 1259 1249 1327">
     <span class='ocr_line' id='line_1_18' title="bbox 264 1259 1249 1327; baseline 0.003 -15"><span class='ocrx_word' id='word_1_111' title='bbox 264 1269 472 1314; x_wconf 84' lang='lat' dir='ltr'>Tisandri</span> <span class='ocrx_word' id='word_1_112' title='bbox 500 1269 578 1322; x_wconf 66' lang='lat' dir='ltr'>fil„</span> <span class='ocrx_word' id='word_1_113' title='bbox 608 1270 662 1314; x_wconf 91' lang='lat' dir='ltr'>de</span> <span class='ocrx_word' id='word_1_114' title='bbox 691 1271 937 1327; x_wconf 88' lang='lat' dir='ltr'>principatu</span> <span class='ocrx_word' id='word_1_115' title='bbox 959 1259 1249 1315; x_wconf 54' lang='lat' dir='ltr'>“mne</span> 
     </span>
    </p>
   </div>
   <div class='ocr_carea' id='block_1_8' title="bbox 117 1327 1803 1388">
    <p class='ocr_par' dir='ltr' id='par_1_8' title="bbox 117 1327 1803 1388">
     <span class='ocr_line' id='line_1_19' title="bbox 117 1327 1803 1388; baseline 0.002 -16"><span class='ocrx_word' id='word_1_116' title='bbox 117 1346 121 1351; x_wconf 93' lang='lat'>·</span> <span class='ocrx_word' id='word_1_117' title='bbox 204 1327 469 1382; x_wconf 82' lang='lat' dir='ltr'>Clisthenes,</span> <span class='ocrx_word' id='word_1_118' title='bbox 499 1329 650 1386; x_wconf 91' lang='lat' dir='ltr'>populi</span> <span class='ocrx_word' id='word_1_119' title='bbox 679 1330 863 1386; x_wconf 87' lang='lat' dir='ltr'>gratiam</span> <span class='ocrx_word' id='word_1_120' title='bbox 894 1333 1089 1386; x_wconf 89' lang='lat' dir='ltr'>captans,</span> <span class='ocrx_word' id='word_1_121' title='bbox 1133 1331 1189 1375; x_wconf 93' lang='lat'>10</span> <span class='ocrx_word' id='word_1_122' title='bbox 1219 1331 1358 1374; x_wconf 85' lang='lat' dir='ltr'>tribus</span> <span class='ocrx_word' id='word_1_123' title='bbox 1390 1327 1582 1388; x_wconf 76' lang='grc' dir='ltr'>(φυλάς)</span> <span class='ocrx_word' id='word_1_124' title='bbox 1611 1332 1803 1375; x_wconf 82' lang='lat' dir='ltr'>instituit</span> 
     </span>
    </p>
   </div>
   <div class='ocr_carea' id='block_1_9' title="bbox 195 1389 1802 2509">
    <p class='ocr_par' dir='ltr' id='par_1_9' title="bbox 257 1389 1802 1743">
     <span class='ocr_line' id='line_1_20' title="bbox 259 1389 1800 1446; baseline 0.002 -15"><span class='ocrx_word' id='word_1_125' title='bbox 259 1400 316 1431; x_wconf 85' lang='lat' dir='ltr'>ex</span> <span class='ocrx_word' id='word_1_126' title='bbox 348 1390 566 1444; x_wconf 85' lang='lat' dir='ltr'>quattuor,</span> <span class='ocrx_word' id='word_1_127' title='bbox 597 1389 739 1444; x_wconf 90' lang='lat' dir='ltr'>iisque</span> <span class='ocrx_word' id='word_1_128' title='bbox 770 1401 882 1432; x_wconf 83' lang='lat' dir='ltr'>nova</span> <span class='ocrx_word' id='word_1_129' title='bbox 909 1389 1089 1432; x_wconf 88' lang='lat' dir='ltr'>heroum</span> <span class='ocrx_word' id='word_1_130' title='bbox 1110 1390 1286 1433; x_wconf 86' lang='lat' dir='ltr'>nomina</span> <span class='ocrx_word' id='word_1_131' title='bbox 1304 1390 1489 1446; x_wconf 88' lang='lat' dir='ltr'>imponit</span> <span class='ocrx_word' id='word_1_132' title='bbox 1511 1390 1800 1444; x_wconf 72' lang='lat' dir='ltr'>(Erechtheis,</span> 
     </span>
     <span class='ocr_line' id='line_1_21' title="bbox 257 1446 1801 1506; baseline 0.002 -16"><span class='ocrx_word' id='word_1_133' title='bbox 257 1446 438 1503; x_wconf 81' lang='lat' dir='ltr'>Aegeis,</span> <span class='ocrx_word' id='word_1_134' title='bbox 460 1446 711 1499; x_wconf 89' lang='lat' dir='ltr'>Pandionis,</span> <span class='ocrx_word' id='word_1_135' title='bbox 733 1447 929 1500; x_wconf 89' lang='lat' dir='ltr'>Leontis,</span> <span class='ocrx_word' id='word_1_136' title='bbox 951 1446 1220 1502; x_wconf 87' lang='lat' dir='ltr'>Acamantis‚</span> <span class='ocrx_word' id='word_1_137' title='bbox 1249 1448 1423 1502; x_wconf 82' lang='lat' dir='ltr'>oensis,</span> <span class='ocrx_word' id='word_1_138' title='bbox 1448 1448 1672 1506; x_wconf 88' lang='lat' dir='ltr'>Cecropis,</span> <span class='ocrx_word' id='word_1_139' title='bbox 1694 1449 1801 1506; x_wconf 80' lang='lat' dir='ltr'>Hip·</span> 
     </span>
     <span class='ocr_line' id='line_1_22' title="bbox 258 1505 1801 1562; baseline 0.002 -14"><span class='ocrx_word' id='word_1_140' title='bbox 258 1506 526 1562; x_wconf 89' lang='lat' dir='ltr'>pothoontis,</span> <span class='ocrx_word' id='word_1_141' title='bbox 564 1505 761 1559; x_wconf 88' lang='lat' dir='ltr'>Aeantis,</span> <span class='ocrx_word' id='word_1_142' title='bbox 803 1505 1033 1550; x_wconf 82' lang='lat' dir='ltr'>Antiochis</span> <span class='ocrx_word' id='word_1_143' title='bbox 1045 1505 1076 1560; x_wconf 94' lang='lat'>),</span> <span class='ocrx_word' id='word_1_144' title='bbox 1110 1510 1309 1551; x_wconf 89' lang='lat' dir='ltr'>senatum</span> <span class='ocrx_word' id='word_1_145' title='bbox 1340 1507 1429 1552; x_wconf 91' lang='grc'>500</span> <span class='ocrx_word' id='word_1_146' title='bbox 1460 1509 1651 1551; x_wconf 82' lang='lat' dir='ltr'>virorum</span> <span class='ocrx_word' id='word_1_147' title='bbox 1681 1507 1801 1562; x_wconf 85' lang='lat' dir='ltr'>facit,</span> 
     </span>
     <span class='ocr_line' id='line_1_23' title="bbox 259 1563 1802 1625; baseline 0.001 -17"><span class='ocrx_word' id='word_1_148' title='bbox 259 1577 318 1608; x_wconf 85' lang='lat' dir='ltr'>ex</span> <span class='ocrx_word' id='word_1_149' title='bbox 357 1565 543 1622; x_wconf 84' lang='lat' dir='ltr'>singulis</span> <span class='ocrx_word' id='word_1_150' title='bbox 582 1565 781 1609; x_wconf 82' lang='lat' dir='ltr'>tribubus</span> <span class='ocrx_word' id='word_1_151' title='bbox 812 1564 872 1610; x_wconf 88' lang='lat'>50</span> <span class='ocrx_word' id='word_1_152' title='bbox 931 1566 1134 1610; x_wconf 87' lang='lat' dir='ltr'>uotannis</span> <span class='ocrx_word' id='word_1_153' title='bbox 1175 1570 1292 1610; x_wconf 86' lang='lat' dir='ltr'>sorte</span> <span class='ocrx_word' id='word_1_154' title='bbox 1323 1566 1564 1624; x_wconf 86' lang='lat' dir='ltr'>designatis</span> <span class='ocrx_word' id='word_1_155' title='bbox 1598 1563 1802 1625; x_wconf 82' lang='grc' dir='ltr'><strong>(πρυτά-</strong></span> 
     </span>
     <span class='ocr_line' id='line_1_24' title="bbox 260 1619 1800 1683; baseline 0.003 -18"><span class='ocrx_word' id='word_1_156' title='bbox 260 1639 366 1676; x_wconf 75' lang='grc' dir='ltr'><strong><em>νεις,</em></strong></span> <span class='ocrx_word' id='word_1_157' title='bbox 399 1619 631 1683; x_wconf 80' lang='grc' dir='ltr'><strong><em>πρόεδροι,</em></strong></span> <span class='ocrx_word' id='word_1_158' title='bbox 664 1619 914 1679; x_wconf 70' lang='grc' dir='ltr'><strong><em>ἐπιστάτης</em></strong></span> <span class='ocrx_word' id='word_1_159' title='bbox 941 1657 951 1678; x_wconf 91' lang='grc'><strong>,</strong></span> <span class='ocrx_word' id='word_1_160' title='bbox 984 1629 1210 1681; x_wconf 88' lang='lat' dir='ltr'>praeterea</span> <span class='ocrx_word' id='word_1_161' title='bbox 1241 1626 1299 1670; x_wconf 88' lang='lat'>10</span> <span class='ocrx_word' id='word_1_162' title='bbox 1329 1628 1547 1683; x_wconf 86' lang='lat' dir='ltr'>strategos</span> <span class='ocrx_word' id='word_1_163' title='bbox 1579 1626 1800 1683; x_wconf 87' lang='lat' dir='ltr'>suffragiis</span> 
     </span>
     <span class='ocr_line' id='line_1_25' title="bbox 261 1683 1800 1743; baseline 0.002 -17"><span class='ocrx_word' id='word_1_164' title='bbox 261 1683 421 1726; x_wconf 85' lang='lat' dir='ltr'>civium</span> <span class='ocrx_word' id='word_1_165' title='bbox 451 1683 677 1727; x_wconf 88' lang='lat' dir='ltr'>creandos.</span> <span class='ocrx_word' id='word_1_166' title='bbox 739 1683 1054 1728; x_wconf 87' lang='lat' dir='ltr'>Ostracismum</span> <span class='ocrx_word' id='word_1_167' title='bbox 1087 1685 1291 1740; x_wconf 88' lang='lat' dir='ltr'>instituit,</span> <span class='ocrx_word' id='word_1_168' title='bbox 1331 1698 1417 1742; x_wconf 91' lang='lat' dir='ltr'>quo</span> <span class='ocrx_word' id='word_1_169' title='bbox 1447 1686 1531 1729; x_wconf 82' lang='lat' dir='ltr'>viri</span> <span class='ocrx_word' id='word_1_170' title='bbox 1565 1687 1672 1742; x_wconf 89' lang='lat' dir='ltr'>reip.</span> <span class='ocrx_word' id='word_1_171' title='bbox 1704 1699 1800 1743; x_wconf 89' lang='lat' dir='ltr'>per·</span> 
     </span>
    </p>

    <p class='ocr_par' dir='ltr' id='par_1_10' title="bbox 199 1742 1800 1905">
     <span class='ocr_line' id='line_1_26' title="bbox 199 1742 1800 1860; baseline 0.002 -16"><span class='ocrx_word' id='word_1_172' title='bbox 199 1742 763 1858; x_wconf 41' lang='lat' dir='ltr'>Eiillzliffimagxfggossgmet</span> <span class='ocrx_word' id='word_1_173' title='bbox 790 1801 1235 1846; x_wconf 86' lang='lat' dir='ltr'>Lacedaemoniorum</span> <span class='ocrx_word' id='word_1_174' title='bbox 1266 1816 1370 1860; x_wconf 88' lang='lat' dir='ltr'>rege</span> <span class='ocrx_word' id='word_1_175' title='bbox 1403 1801 1637 1847; x_wconf 87' lang='lat' dir='ltr'>Cleomene</span> <span class='ocrx_word' id='word_1_176' title='bbox 1669 1804 1800 1848; x_wconf 88' lang='lat' dir='ltr'>simul</span> 
     </span>
     <span class='ocr_line' id='line_1_27' title="bbox 259 1860 1594 1905; baseline 0.002 -2"><span class='ocrx_word' id='word_1_177' title='bbox 259 1865 359 1904; x_wconf 86' lang='lat' dir='ltr'>cum</span> <span class='ocrx_word' id='word_1_178' title='bbox 390 1860 479 1904; x_wconf 84' lang='lat'>700</span> <span class='ocrx_word' id='word_1_179' title='bbox 509 1861 678 1905; x_wconf 85' lang='lat' dir='ltr'>civibus</span> <span class='ocrx_word' id='word_1_180' title='bbox 708 1860 1049 1905; x_wconf 85' lang='lat' dir='ltr'>Atheniensibus</span> <span class='ocrx_word' id='word_1_181' title='bbox 1589 1870 1594 1875; x_wconf 83' lang='lat'>&#39;</span> 
     </span>
    </p>

    <p class='ocr_par' dir='ltr' id='par_1_11' title="bbox 201 1918 1798 2032">
     <span class='ocr_line' id='line_1_28' title="bbox 201 1918 1798 1979; baseline 0.002 -17"><span class='ocrx_word' id='word_1_182' title='bbox 201 1918 303 1962; x_wconf 77' lang='lat' dir='ltr'>Mox</span> <span class='ocrx_word' id='word_1_183' title='bbox 333 1919 548 1964; x_wconf 88' lang='lat' dir='ltr'>seditione</span> <span class='ocrx_word' id='word_1_184' title='bbox 579 1919 696 1964; x_wconf 84' lang='lat' dir='ltr'>facta</span> <span class='ocrx_word' id='word_1_185' title='bbox 715 1919 992 1976; x_wconf 88' lang='lat' dir='ltr'>expelluntur</span> <span class='ocrx_word' id='word_1_186' title='bbox 1011 1920 1347 1964; x_wconf 88' lang='lat' dir='ltr'>Lacedaemonii</span> <span class='ocrx_word' id='word_1_187' title='bbox 1370 1922 1416 1964; x_wconf 92' lang='lat' dir='ltr'>et</span> <span class='ocrx_word' id='word_1_188' title='bbox 1434 1921 1511 1979; x_wconf 85' lang='lat' dir='ltr'>qui</span> <span class='ocrx_word' id='word_1_189' title='bbox 1531 1933 1681 1965; x_wconf 90' lang='lat' dir='ltr'>eorum</span> <span class='ocrx_word' id='word_1_190' title='bbox 1701 1934 1798 1978; x_wconf 88' lang='lat' dir='ltr'>par-</span> 
     </span>
     <span class='ocr_line' id='line_1_29' title="bbox 260 1977 1176 2032; baseline 0.001 -11"><span class='ocrx_word' id='word_1_191' title='bbox 260 1977 378 2022; x_wconf 89' lang='lat' dir='ltr'>tibus</span> <span class='ocrx_word' id='word_1_192' title='bbox 407 1978 624 2032; x_wconf 84' lang='lat' dir='ltr'>faverant3</span> <span class='ocrx_word' id='word_1_193' title='bbox 657 1978 903 2022; x_wconf 87' lang='lat' dir='ltr'>Clisthenes</span> <span class='ocrx_word' id='word_1_194' title='bbox 935 1982 1176 2023; x_wconf 86' lang='lat' dir='ltr'>revocatur.</span> 
     </span>
    </p>

    <p class='ocr_par' dir='ltr' id='par_1_12' title="bbox 207 2036 1797 2095">
     <span class='ocr_line' id='line_1_30' title="bbox 207 2036 1797 2095; baseline 0.002 -15"><span class='ocrx_word' id='word_1_195' title='bbox 207 2036 433 2080; x_wconf 80' lang='lat' dir='ltr'>Cleomenes</span> <span class='ocrx_word' id='word_1_196' title='bbox 460 2051 540 2082; x_wconf 86' lang='lat' dir='ltr'>rex</span> <span class='ocrx_word' id='word_1_197' title='bbox 560 2037 719 2082; x_wconf 89' lang='lat' dir='ltr'>Laced.</span> <span class='ocrx_word' id='word_1_198' title='bbox 740 2038 942 2082; x_wconf 90' lang='lat' dir='ltr'>iniuriam</span> <span class='ocrx_word' id='word_1_199' title='bbox 963 2038 1134 2082; x_wconf 88' lang='lat' dir='ltr'>ulturus</span> <span class='ocrx_word' id='word_1_200' title='bbox 1154 2038 1573 2095; x_wconf 91' lang='lat' dir='ltr'>Peloponnesiorum</span> <span class='ocrx_word' id='word_1_201' title='bbox 1593 2041 1638 2082; x_wconf 91' lang='lat' dir='ltr'>et</span> <span class='ocrx_word' id='word_1_202' title='bbox 1657 2039 1797 2083; x_wconf 90' lang='lat' dir='ltr'>Boeo·</span> 
     </span>
    </p>

    <p class='ocr_par' dir='ltr' id='par_1_13' title="bbox 212 2096 1796 2272">
     <span class='ocr_line' id='line_1_31' title="bbox 212 2096 1796 2154; baseline 0.002 -15"><span class='ocrx_word' id='word_1_203' title='bbox 212 2112 224 2118; x_wconf 91' lang='lat'><em>·</em></span> <span class='ocrx_word' id='word_1_204' title='bbox 260 2098 404 2139; x_wconf 86' lang='lat' dir='ltr'>torum</span> <span class='ocrx_word' id='word_1_205' title='bbox 435 2096 872 2153; x_wconf 88' lang='lat' dir='ltr'>Chalcidensiumque</span> <span class='ocrx_word' id='word_1_206' title='bbox 910 2098 1060 2154; x_wconf 89' lang='lat' dir='ltr'>copias</span> <span class='ocrx_word' id='word_1_207' title='bbox 1097 2097 1307 2142; x_wconf 82' lang='lat' dir='ltr'>adversus</span> <span class='ocrx_word' id='word_1_208' title='bbox 1337 2097 1629 2142; x_wconf 85' lang='lat' dir='ltr'>Athenienses</span> <span class='ocrx_word' id='word_1_209' title='bbox 1661 2098 1796 2152; x_wconf 88' lang='lat' dir='ltr'>ducit,</span> 
     </span>
     <span class='ocr_line' id='line_1_32' title="bbox 260 2155 1796 2214; baseline 0.001 -15"><span class='ocrx_word' id='word_1_210' title='bbox 260 2155 340 2199; x_wconf 92' lang='lat' dir='ltr'>sed</span> <span class='ocrx_word' id='word_1_211' title='bbox 370 2169 468 2199; x_wconf 89' lang='lat' dir='ltr'>cum</span> <span class='ocrx_word' id='word_1_212' title='bbox 498 2157 815 2213; x_wconf 85' lang='lat' dir='ltr'>relinqueretur</span> <span class='ocrx_word' id='word_1_213' title='bbox 852 2169 879 2199; x_wconf 85' lang='lat' dir='ltr'>a</span> <span class='ocrx_word' id='word_1_214' title='bbox 909 2157 1042 2200; x_wconf 89' lang='lat' dir='ltr'>sociis</span> <span class='ocrx_word' id='word_1_215' title='bbox 1076 2155 1315 2200; x_wconf 89' lang='lat' dir='ltr'>Corinthiis</span> <span class='ocrx_word' id='word_1_216' title='bbox 1351 2160 1397 2201; x_wconf 86' lang='lat' dir='ltr'>et</span> <span class='ocrx_word' id='word_1_217' title='bbox 1426 2157 1480 2202; x_wconf 92' lang='lat' dir='ltr'>ab</span> <span class='ocrx_word' id='word_1_218' title='bbox 1510 2158 1609 2214; x_wconf 88' lang='lat' dir='ltr'>ipso</span> <span class='ocrx_word' id='word_1_219' title='bbox 1641 2157 1796 2201; x_wconf 92' lang='lat' dir='ltr'>Dema-</span> 
     </span>
     <span class='ocr_line' id='line_1_33' title="bbox 259 2213 1613 2272; baseline 0.001 -14"><span class='ocrx_word' id='word_1_220' title='bbox 259 2218 353 2258; x_wconf 85' lang='lat' dir='ltr'>rato</span> <span class='ocrx_word' id='word_1_221' title='bbox 385 2215 555 2272; x_wconf 89' lang='lat' dir='ltr'>collega</span> <span class='ocrx_word' id='word_1_222' title='bbox 582 2213 821 2268; x_wconf 88' lang='lat' dir='ltr'>(Aristonis</span> <span class='ocrx_word' id='word_1_223' title='bbox 853 2214 963 2259; x_wconf 82' lang='lat' dir='ltr'>falso</span> <span class='ocrx_word' id='word_1_224' title='bbox 994 2215 1120 2269; x_wconf 86' lang='lat' dir='ltr'>filio),</span> <span class='ocrx_word' id='word_1_225' title='bbox 1153 2215 1374 2260; x_wconf 84' lang='lat' dir='ltr'>exercitus</span> <span class='ocrx_word' id='word_1_226' title='bbox 1406 2215 1613 2260; x_wconf 91' lang='lat' dir='ltr'>dilabitur</span> 
     </span>
    </p>

    <p class='ocr_par' dir='ltr' id='par_1_14' title="bbox 199 2272 1794 2389">
     <span class='ocr_line' id='line_1_34' title="bbox 199 2272 1794 2333; baseline 0.003 -17"><span class='ocrx_word' id='word_1_227' title='bbox 199 2272 302 2317; x_wconf 74' lang='lat' dir='ltr'>Mox</span> <span class='ocrx_word' id='word_1_228' title='bbox 329 2272 620 2319; x_wconf 89' lang='lat' dir='ltr'>Athenienses</span> <span class='ocrx_word' id='word_1_229' title='bbox 640 2274 832 2318; x_wconf 86' lang='lat' dir='ltr'>Boeotos</span> <span class='ocrx_word' id='word_1_230' title='bbox 864 2275 1148 2328; x_wconf 88' lang='lat' dir='ltr'>ulciscuntur,</span> <span class='ocrx_word' id='word_1_231' title='bbox 1180 2277 1225 2319; x_wconf 93' lang='lat' dir='ltr'>et</span> <span class='ocrx_word' id='word_1_232' title='bbox 1246 2274 1559 2320; x_wconf 86' lang='lat' dir='ltr'>Chalcidenses</span> <span class='ocrx_word' id='word_1_233' title='bbox 1590 2288 1794 2333; x_wconf 88' lang='lat' dir='ltr'>agrorum</span> 
     </span>
     <span class='ocr_line' id='line_1_35' title="bbox 256 2333 1387 2389; baseline 0.001 -12"><span class='ocrx_word' id='word_1_234' title='bbox 256 2335 379 2389; x_wconf 87' lang='lat' dir='ltr'>parte</span> <span class='ocrx_word' id='word_1_235' title='bbox 410 2333 596 2377; x_wconf 89' lang='lat' dir='ltr'>multant</span> <span class='ocrx_word' id='word_1_236' title='bbox 625 2333 810 2378; x_wconf 88' lang='lat' dir='ltr'>coloniis</span> <span class='ocrx_word' id='word_1_237' title='bbox 841 2334 888 2376; x_wconf 88' lang='lat' dir='ltr'>in</span> <span class='ocrx_word' id='word_1_238' title='bbox 918 2333 1142 2378; x_wconf 83' lang='lat' dir='ltr'>Euboeam</span> <span class='ocrx_word' id='word_1_239' title='bbox 1173 2334 1387 2378; x_wconf 89' lang='lat' dir='ltr'>deductis.</span> 
     </span>
    </p>

    <p class='ocr_par' dir='ltr' id='par_1_15' title="bbox 195 2389 1793 2509">
     <span class='ocr_line' id='line_1_36' title="bbox 195 2389 1793 2449; baseline 0.001 -13"><span class='ocrx_word' id='word_1_240' title='bbox 195 2389 458 2449; x_wconf 82' lang='lat' dir='ltr'>Aeginetae,</span> <span class='ocrx_word' id='word_1_241' title='bbox 497 2393 666 2437; x_wconf 87' lang='lat' dir='ltr'>exorati</span> <span class='ocrx_word' id='word_1_242' title='bbox 705 2406 731 2436; x_wconf 92' lang='lat' dir='ltr'>a</span> <span class='ocrx_word' id='word_1_243' title='bbox 762 2392 1006 2448; x_wconf 89' lang='lat' dir='ltr'>Thebanis,</span> <span class='ocrx_word' id='word_1_244' title='bbox 1044 2392 1235 2438; x_wconf 87' lang='lat' dir='ltr'>Atticam</span> <span class='ocrx_word' id='word_1_245' title='bbox 1264 2396 1460 2439; x_wconf 82' lang='lat' dir='ltr'>vastant:</span> <span class='ocrx_word' id='word_1_246' title='bbox 1502 2393 1605 2438; x_wconf 86' lang='lat' dir='ltr'>inde</span> <span class='ocrx_word' id='word_1_247' title='bbox 1645 2393 1793 2438; x_wconf 88' lang='lat' dir='ltr'>odium</span> 
     </span>
     <span class='ocr_line' id='line_1_37' title="bbox 256 2451 941 2509; baseline 0 -13"><span class='ocrx_word' id='word_1_248' title='bbox 256 2451 372 2496; x_wconf 89' lang='lat' dir='ltr'>inter</span> <span class='ocrx_word' id='word_1_249' title='bbox 401 2452 528 2509; x_wconf 82' lang='lat' dir='ltr'>ipsos·</span> <span class='ocrx_word' id='word_1_250' title='bbox 554 2455 600 2496; x_wconf 90' lang='lat' dir='ltr'>et</span> <span class='ocrx_word' id='word_1_251' title='bbox 627 2451 941 2497; x_wconf 88' lang='lat' dir='ltr'>Athenienses.</span> 
     </span>
    </p>
   </div>
   <div class='ocr_carea' id='block_1_10' title="bbox 235 2627 1757 2744">
    <p class='ocr_par' dir='ltr' id='par_1_16' title="bbox 235 2627 1757 2744">
     <span class='ocr_line' id='line_1_38' title="bbox 235 2627 1757 2684; baseline 0 -12"><span class='ocrx_word' id='word_1_252' title='bbox 235 2629 438 2672; x_wconf 76' lang='lat' dir='ltr'>Periodus</span> <span class='ocrx_word' id='word_1_253' title='bbox 468 2629 604 2684; x_wconf 78' lang='lat' dir='ltr'>tertia,</span> <span class='ocrx_word' id='word_1_254' title='bbox 643 2628 950 2673; x_wconf 89' lang='lat' dir='ltr'>historicorum</span> <span class='ocrx_word' id='word_1_255' title='bbox 979 2627 1271 2672; x_wconf 90' lang='lat' dir='ltr'>monumentis</span> <span class='ocrx_word' id='word_1_256' title='bbox 1302 2627 1534 2681; x_wconf 74' lang='lat' dir='ltr'>illustrata,</span> <span class='ocrx_word' id='word_1_257' title='bbox 1573 2640 1600 2671; x_wconf 83' lang='lat' dir='ltr'>a</span> <span class='ocrx_word' id='word_1_258' title='bbox 1628 2627 1757 2672; x_wconf 85' lang='lat' dir='ltr'>bellis</span> 
     </span>
     <span class='ocr_line' id='line_1_39' title="bbox 269 2685 1719 2744; baseline -0.001 -12"><span class='ocrx_word' id='word_1_259' title='bbox 269 2688 462 2733; x_wconf 85' lang='lat' dir='ltr'>Persicis</span> <span class='ocrx_word' id='word_1_260' title='bbox 484 2699 623 2743; x_wconf 91' lang='lat' dir='ltr'>usque</span> <span class='ocrx_word' id='word_1_261' title='bbox 644 2687 700 2732; x_wconf 88' lang='lat' dir='ltr'>ad</span> <span class='ocrx_word' id='word_1_262' title='bbox 718 2700 910 2744; x_wconf 87' lang='lat' dir='ltr'>pugnam</span> <span class='ocrx_word' id='word_1_263' title='bbox 931 2686 1046 2744; x_wconf 89' lang='lat' dir='ltr'>apud</span> <span class='ocrx_word' id='word_1_264' title='bbox 1067 2686 1363 2731; x_wconf 87' lang='lat' dir='ltr'>Chaeroneam</span> <span class='ocrx_word' id='word_1_265' title='bbox 1385 2685 1541 2732; x_wconf 83' lang='lat'><strong>—338</strong></span> <span class='ocrx_word' id='word_1_266' title='bbox 1561 2699 1601 2732; x_wconf 82' lang='lat' dir='ltr'>a.</span> <span class='ocrx_word' id='word_1_267' title='bbox 1618 2685 1719 2731; x_wconf 87' lang='lat' dir='ltr'>Chr.</span> 
     </span>
    </p>
   </div>
   <div class='ocr_carea' id='block_1_11' title="bbox 174 2802 1794 3628">
    <p class='ocr_par' dir='ltr' id='par_1_17' title="bbox 174 2802 1794 3628">
     <span class='ocr_line' id='line_1_40' title="bbox 198 2802 1793 2863; baseline -0.002 -14"><span class='ocrx_word' id='word_1_268' title='bbox 198 2805 385 2863; x_wconf 80' lang='lat' dir='ltr'>Hippias</span> <span class='ocrx_word' id='word_1_269' title='bbox 415 2804 653 2848; x_wconf 81' lang='lat' dir='ltr'>destitutus</span> <span class='ocrx_word' id='word_1_270' title='bbox 684 2816 712 2847; x_wconf 93' lang='lat' dir='ltr'>a</span> <span class='ocrx_word' id='word_1_271' title='bbox 743 2802 987 2860; x_wconf 85' lang='lat' dir='ltr'>Spartanis,</span> <span class='ocrx_word' id='word_1_272' title='bbox 1018 2804 1093 2860; x_wconf 89' lang='lat' dir='ltr'>qui</span> <span class='ocrx_word' id='word_1_273' title='bbox 1121 2802 1308 2847; x_wconf 88' lang='lat' dir='ltr'>reditum</span> <span class='ocrx_word' id='word_1_274' title='bbox 1337 2804 1641 2861; x_wconf 82' lang='lat' dir='ltr'>promiserant,</span> <span class='ocrx_word' id='word_1_275' title='bbox 1671 2802 1793 2847; x_wconf 84' lang='lat' dir='ltr'>auxi·</span> 
     </span>
     <span class='ocr_line' id='line_1_41' title="bbox 257 2861 1791 2920; baseline -0.002 -12"><span class='ocrx_word' id='word_1_276' title='bbox 257 2864 364 2908; x_wconf 85' lang='lat' dir='ltr'>lium</span> <span class='ocrx_word' id='word_1_277' title='bbox 393 2864 504 2920; x_wconf 91' lang='lat' dir='ltr'>petit</span> <span class='ocrx_word' id='word_1_278' title='bbox 533 2863 588 2907; x_wconf 88' lang='lat' dir='ltr'>ab</span> <span class='ocrx_word' id='word_1_279' title='bbox 608 2862 898 2920; x_wconf 81' lang='lat' dir='ltr'>Artapherne‚</span> <span class='ocrx_word' id='word_1_280' title='bbox 927 2862 1076 2906; x_wconf 89' lang='lat' dir='ltr'>Ioniae</span> <span class='ocrx_word' id='word_1_281' title='bbox 1098 2865 1292 2920; x_wconf 81' lang='lat' dir='ltr'>satrapa=</span> <span class='ocrx_word' id='word_1_282' title='bbox 1326 2866 1480 2907; x_wconf 88' lang='lat' dir='ltr'>contra</span> <span class='ocrx_word' id='word_1_283' title='bbox 1498 2861 1791 2907; x_wconf 87' lang='lat' dir='ltr'>Athenienses</span> 
     </span>
     <span class='ocr_line' id='line_1_42' title="bbox 226 2876 1791 2987; baseline -0.001 -21"><span class='ocrx_word' id='word_1_284' title='bbox 226 2876 304 2987; x_wconf 57' lang='lat' dir='ltr'>&#39;et</span> <span class='ocrx_word' id='word_1_285' title='bbox 333 2923 606 2966; x_wconf 86' lang='lat' dir='ltr'>Eretrienses</span> <span class='ocrx_word' id='word_1_286' title='bbox 636 2921 779 2967; x_wconf 88' lang='lat' dir='ltr'>classe</span> <span class='ocrx_word' id='word_1_287' title='bbox 809 2921 1019 2965; x_wconf 84' lang='lat' dir='ltr'>adiuvant</span> <span class='ocrx_word' id='word_1_288' title='bbox 1038 2921 1339 2978; x_wconf 82' lang='lat' dir='ltr'>Aristagoram</span> <span class='ocrx_word' id='word_1_289' title='bbox 1363 2925 1408 2966; x_wconf 91' lang='lat' dir='ltr'>et</span> <span class='ocrx_word' id='word_1_290' title='bbox 1428 2922 1556 2966; x_wconf 88' lang='lat' dir='ltr'>Ioues</span> <span class='ocrx_word' id='word_1_291' title='bbox 1589 2921 1791 2974; x_wconf 89' lang='lat' dir='ltr'>rebelles,</span> 
     </span>
     <span class='ocr_line' id='line_1_43' title="bbox 263 2979 1794 3039; baseline -0.001 -13"><span class='ocrx_word' id='word_1_292' title='bbox 263 2981 423 3026; x_wconf 90' lang='lat' dir='ltr'>Sardes</span> <span class='ocrx_word' id='word_1_293' title='bbox 444 2982 670 3026; x_wconf 76' lang='lat' dir='ltr'>incensaez</span> <span class='ocrx_word' id='word_1_294' title='bbox 693 2993 778 3038; x_wconf 91' lang='lat' dir='ltr'>quo</span> <span class='ocrx_word' id='word_1_295' title='bbox 801 2992 913 3024; x_wconf 90' lang='lat' dir='ltr'>anno</span> <span class='ocrx_word' id='word_1_296' title='bbox 935 2979 1180 3037; x_wconf 80' lang='lat' dir='ltr'>Aeschylus</span> <span class='ocrx_word' id='word_1_297' title='bbox 1201 2981 1449 3039; x_wconf 86' lang='lat' dir='ltr'>tragoedias</span> <span class='ocrx_word' id='word_1_298' title='bbox 1470 2981 1628 3025; x_wconf 87' lang='lat' dir='ltr'>docere</span> <span class='ocrx_word' id='word_1_299' title='bbox 1648 2980 1794 3037; x_wconf 84' lang='lat' dir='ltr'>coepit</span> 
     </span>
     <span class='ocr_line' id='line_1_44' title="bbox 177 3022 1791 3098; baseline -0.001 -14"><span class='ocrx_word' id='word_1_300' title='bbox 177 3022 375 3084; x_wconf 61' lang='lat' dir='ltr'>[Miletum</span> <span class='ocrx_word' id='word_1_301' title='bbox 405 3041 574 3098; x_wconf 88' lang='lat' dir='ltr'>capitur</span> <span class='ocrx_word' id='word_1_302' title='bbox 612 3042 739 3085; x_wconf 81' lang='lat' dir='ltr'>sexto</span> <span class='ocrx_word' id='word_1_303' title='bbox 777 3043 879 3097; x_wconf 88' lang='lat' dir='ltr'>post</span> <span class='ocrx_word' id='word_1_304' title='bbox 914 3038 1203 3084; x_wconf 78' lang='lat' dir='ltr'>defectionem</span> <span class='ocrx_word' id='word_1_305' title='bbox 1234 3052 1347 3084; x_wconf 87' lang='lat' dir='ltr'>anno</span> <span class='ocrx_word' id='word_1_306' title='bbox 1378 3039 1677 3096; x_wconf 79' lang='lat' dir='ltr'>(Phrynichus</span> <span class='ocrx_word' id='word_1_307' title='bbox 1705 3043 1791 3083; x_wconf 84' lang='lat' dir='ltr'>tra·</span> 
     </span>
     <span class='ocr_line' id='line_1_45' title="bbox 174 3076 1423 3157; baseline -0.001 -14"><span class='ocrx_word' id='word_1_308' title='bbox 174 3076 186 3127; x_wconf 55' lang='lat' dir='ltr'>A</span> <span class='ocrx_word' id='word_1_309' title='bbox 262 3099 388 3157; x_wconf 87' lang='lat' dir='ltr'>goed.</span> <span class='ocrx_word' id='word_1_310' title='bbox 418 3093 626 3153; x_wconf 78' lang='grc' dir='ltr'><strong><em>Μιλήτου</em></strong></span> <span class='ocrx_word' id='word_1_311' title='bbox 655 3091 828 3142; x_wconf 74' lang='grc' dir='ltr'><strong><em>ἅλωσιν</em></strong></span> <span class='ocrx_word' id='word_1_312' title='bbox 857 3110 944 3143; x_wconf 90' lang='lat' dir='ltr'>non</span> <span class='ocrx_word' id='word_1_313' title='bbox 975 3098 1111 3143; x_wconf 90' lang='lat' dir='ltr'>multo</span> <span class='ocrx_word' id='word_1_314' title='bbox 1171 3101 1243 3143; x_wconf 86' lang='lat' dir='ltr'>ost</span> <span class='ocrx_word' id='word_1_315' title='bbox 1271 3098 1423 3150; x_wconf 91' lang='lat' dir='ltr'>docet)</span> 
     </span>
     <span class='ocr_line' id='line_1_46' title="bbox 203 3112 1170 3215; baseline -0.001 -13"><span class='ocrx_word' id='word_1_316' title='bbox 203 3157 443 3215; x_wconf 88' lang='lat' dir='ltr'>Sophocles</span> <span class='ocrx_word' id='word_1_317' title='bbox 473 3156 709 3214; x_wconf 80' lang='lat' dir='ltr'>tragoedus</span> <span class='ocrx_word' id='word_1_318' title='bbox 738 3157 933 3202; x_wconf 83' lang='lat' dir='ltr'>nascitur</span> <span class='ocrx_word' id='word_1_319' title='bbox 961 3157 1049 3202; x_wconf 81' lang='lat'>496</span> <span class='ocrx_word' id='word_1_320' title='bbox 1081 3112 1170 3202; x_wconf 61' lang='lat' dir='ltr'>vel&gt;</span> 
     </span>
     <span class='ocr_line' id='line_1_47' title="bbox 202 3212 1791 3271; baseline -0.002 -11"><span class='ocrx_word' id='word_1_321' title='bbox 202 3215 327 3260; x_wconf 81' lang='lat' dir='ltr'>Novo</span> <span class='ocrx_word' id='word_1_322' title='bbox 358 3229 460 3261; x_wconf 79' lang='lat' dir='ltr'>vere</span> <span class='ocrx_word' id='word_1_323' title='bbox 481 3217 712 3260; x_wconf 86' lang='lat' dir='ltr'>Persarum</span> <span class='ocrx_word' id='word_1_324' title='bbox 739 3215 899 3261; x_wconf 76' lang='lat' dir='ltr'>classis</span> <span class='ocrx_word' id='word_1_325' title='bbox 930 3220 1101 3261; x_wconf 86' lang='lat' dir='ltr'>ceteros</span> <span class='ocrx_word' id='word_1_326' title='bbox 1132 3215 1318 3259; x_wconf 88' lang='lat' dir='ltr'>rebelles</span> <span class='ocrx_word' id='word_1_327' title='bbox 1347 3214 1600 3271; x_wconf 85' lang='lat' dir='ltr'>insulasque</span> <span class='ocrx_word' id='word_1_328' title='bbox 1621 3212 1791 3266; x_wconf 87' lang='lat' dir='ltr'>Chium,</span> 
     </span>
     <span class='ocr_line' id='line_1_48' title="bbox 260 3272 1790 3332; baseline -0.001 -14"><span class='ocrx_word' id='word_1_329' title='bbox 260 3274 466 3328; x_wconf 88' lang='lat' dir='ltr'>Lesbum,</span> <span class='ocrx_word' id='word_1_330' title='bbox 505 3273 730 3319; x_wconf 83' lang='lat' dir='ltr'>Tenedum</span> <span class='ocrx_word' id='word_1_331' title='bbox 757 3274 815 3319; x_wconf 76' lang='lat' dir='ltr'>sd</span> <span class='ocrx_word' id='word_1_332' title='bbox 845 3274 1110 3319; x_wconf 90' lang='lat' dir='ltr'>deditionem</span> <span class='ocrx_word' id='word_1_333' title='bbox 1140 3274 1292 3332; x_wconf 87' lang='lat' dir='ltr'>adigit,</span> <span class='ocrx_word' id='word_1_334' title='bbox 1331 3274 1562 3326; x_wconf 71' lang='lat' dir='ltr'>Miltiades,</span> <span class='ocrx_word' id='word_1_335' title='bbox 1596 3272 1790 3317; x_wconf 84' lang='lat' dir='ltr'>Cimonis</span> 
     </span>
     <span class='ocr_line' id='line_1_49' title="bbox 261 3332 1160 3390; baseline 0 -13"><span class='ocrx_word' id='word_1_336' title='bbox 261 3332 393 3386; x_wconf 87' lang='lat' dir='ltr'>filius,</span> <span class='ocrx_word' id='word_1_337' title='bbox 424 3346 481 3377; x_wconf 87' lang='lat' dir='ltr'>ex</span> <span class='ocrx_word' id='word_1_338' title='bbox 508 3333 793 3390; x_wconf 87' lang='lat' dir='ltr'>Hellesponto</span> <span class='ocrx_word' id='word_1_339' title='bbox 822 3332 1016 3377; x_wconf 89' lang='lat' dir='ltr'>Athenas</span> <span class='ocrx_word' id='word_1_340' title='bbox 1047 3332 1160 3377; x_wconf 85' lang='lat' dir='ltr'>redit</span> 
     </span>
     <span class='ocr_line' id='line_1_50' title="bbox 200 3389 1791 3449; baseline -0.003 -11"><span class='ocrx_word' id='word_1_341' title='bbox 200 3392 451 3438; x_wconf 77' lang='lat' dir='ltr'>Mardonius</span> <span class='ocrx_word' id='word_1_342' title='bbox 480 3391 709 3436; x_wconf 87' lang='lat' dir='ltr'>Persarum</span> <span class='ocrx_word' id='word_1_343' title='bbox 741 3390 832 3436; x_wconf 85' lang='lat' dir='ltr'>dux</span> <span class='ocrx_word' id='word_1_344' title='bbox 859 3392 906 3437; x_wconf 92' lang='lat' dir='ltr'>in</span> <span class='ocrx_word' id='word_1_345' title='bbox 934 3391 1110 3449; x_wconf 83' lang='lat' dir='ltr'>Europa</span> <span class='ocrx_word' id='word_1_346' title='bbox 1138 3390 1300 3436; x_wconf 88' lang='lat' dir='ltr'>bellum</span> <span class='ocrx_word' id='word_1_347' title='bbox 1330 3390 1459 3449; x_wconf 82' lang='lat' dir='ltr'>gerit,</span> <span class='ocrx_word' id='word_1_348' title='bbox 1495 3389 1791 3435; x_wconf 71' lang='lat' dir='ltr'>Macedoniam</span> 
     </span>
     <span class='ocr_line' id='line_1_51' title="bbox 257 3450 751 3508; baseline -0.002 -13"><span class='ocrx_word' id='word_1_349' title='bbox 257 3452 441 3508; x_wconf 89' lang='lat' dir='ltr'>imperio</span> <span class='ocrx_word' id='word_1_350' title='bbox 472 3452 590 3508; x_wconf 87' lang='lat' dir='ltr'>regis</span> <span class='ocrx_word' id='word_1_351' title='bbox 621 3450 751 3495; x_wconf 89' lang='lat' dir='ltr'>adiun</span> 
     </span>
     <span class='ocr_line' id='line_1_52' title="bbox 199 3506 1791 3568; baseline -0.003 -12"><span class='ocrx_word' id='word_1_352' title='bbox 199 3510 379 3568; x_wconf 86' lang='lat' dir='ltr'>Legatis</span> <span class='ocrx_word' id='word_1_353' title='bbox 411 3523 438 3554; x_wconf 88' lang='lat' dir='ltr'>a</span> <span class='ocrx_word' id='word_1_354' title='bbox 467 3510 609 3555; x_wconf 90' lang='lat' dir='ltr'>Dareo</span> <span class='ocrx_word' id='word_1_355' title='bbox 647 3510 798 3555; x_wconf 75' lang='lat' dir='ltr'>missis</span> <span class='ocrx_word' id='word_1_356' title='bbox 833 3508 1032 3568; x_wconf 82' lang='lat' dir='ltr'>plerique</span> <span class='ocrx_word' id='word_1_357' title='bbox 1060 3508 1253 3555; x_wconf 83' lang='lat' dir='ltr'>lnsulanl</span> <span class='ocrx_word' id='word_1_358' title='bbox 1290 3511 1337 3555; x_wconf 84' lang='lat' dir='ltr'>et</span> <span class='ocrx_word' id='word_1_359' title='bbox 1363 3520 1467 3554; x_wconf 76' lang='lat' dir='ltr'>vero</span> <span class='ocrx_word' id='word_1_360' title='bbox 1498 3508 1630 3553; x_wconf 86' lang='lat' dir='ltr'>etiam</span> <span class='ocrx_word' id='word_1_361' title='bbox 1657 3506 1791 3566; x_wconf 83' lang='lat' dir='ltr'>Aegi·</span> 
     </span>
     <span class='ocr_line' id='line_1_53' title="bbox 259 3567 1790 3628; baseline -0.002 -13"><span class='ocrx_word' id='word_1_362' title='bbox 259 3572 387 3615; x_wconf 86' lang='lat' dir='ltr'>netae</span> <span class='ocrx_word' id='word_1_363' title='bbox 419 3582 467 3614; x_wconf 89' lang='lat' dir='ltr'>se</span> <span class='ocrx_word' id='word_1_364' title='bbox 489 3569 700 3615; x_wconf 88' lang='lat' dir='ltr'>deditioni</span> <span class='ocrx_word' id='word_1_365' title='bbox 720 3572 896 3628; x_wconf 86' lang='lat' dir='ltr'>paratos</span> <span class='ocrx_word' id='word_1_366' title='bbox 917 3568 1165 3623; x_wconf 80' lang='lat' dir='ltr'>ostendunt,</span> <span class='ocrx_word' id='word_1_367' title='bbox 1196 3569 1331 3614; x_wconf 81' lang='lat' dir='ltr'>ceteri</span> <span class='ocrx_word' id='word_1_368' title='bbox 1350 3567 1509 3614; x_wconf 83' lang='lat' dir='ltr'>Graeci</span> <span class='ocrx_word' id='word_1_369' title='bbox 1527 3580 1615 3613; x_wconf 92' lang='lat' dir='ltr'>non</span> <span class='ocrx_word' id='word_1_370' title='bbox 1634 3570 1790 3626; x_wconf 80' lang='lat' dir='ltr'>parent</span> 
     </span>
    </p>
   </div>
   <div class='ocr_carea' id='block_1_12' title="bbox 2085 199 2141 246">
    <p class='ocr_par' dir='ltr' id='par_1_18' title="bbox 2085 199 2141 246">
     <span class='ocr_line' id='line_1_54' title="bbox 2085 199 2141 246; baseline 0.036 -2"><span class='ocrx_word' id='word_1_371' title='bbox 2085 199 2141 246; x_wconf 81' lang='lat'>21</span> 
     </span>
    </p>
   </div>
   <div class='ocr_carea' id='block_1_13' title="bbox 1848 346 2146 390">
    <p class='ocr_par' dir='ltr' id='par_1_19' title="bbox 1848 346 2146 390">
     <span class='ocr_line' id='line_1_55' title="bbox 1848 346 2146 390; baseline 0.003 -10"><span class='ocrx_word' id='word_1_372' title='bbox 1848 354 1880 380; x_wconf 75' lang='grc' dir='ltr'>ι.</span> <span class='ocrx_word' id='word_1_373' title='bbox 1892 346 1979 382; x_wconf 73' lang='lat' dir='ltr'>Chr.</span> <span class='ocrx_word' id='word_1_374' title='bbox 2000 346 2146 390; x_wconf 75' lang='lat' dir='ltr'>olymp.</span> 
     </span>
    </p>
   </div>
   <div class='ocr_carea' id='block_1_14' title="bbox 1868 625 1956 671">
    <p class='ocr_par' dir='ltr' id='par_1_20' title="bbox 1868 625 1956 671">
     <span class='ocr_line' id='line_1_56' title="bbox 1868 625 1956 671; baseline 0.023 -2"><span class='ocrx_word' id='word_1_375' title='bbox 1868 625 1956 671; x_wconf 93' lang='grc'>525</span> 
     </span>
    </p>
   </div>
   <div class='ocr_carea' id='block_1_15' title="bbox 1867 742 1955 847">
    <p class='ocr_par' dir='ltr' id='par_1_21' title="bbox 1867 742 1955 847">
     <span class='ocr_line' id='line_1_57' title="bbox 1868 742 1955 788; baseline -0.011 0"><span class='ocrx_word' id='word_1_376' title='bbox 1868 742 1955 788; x_wconf 87' lang='grc'>522</span> 
     </span>
     <span class='ocr_line' id='line_1_58' title="bbox 1867 802 1955 847; baseline 0 0"><span class='ocrx_word' id='word_1_377' title='bbox 1867 802 1955 847; x_wconf 83' lang='grc'>519</span> 
     </span>
    </p>
   </div>
   <div class='ocr_carea' id='block_1_16' title="bbox 1865 978 1953 1025">
    <p class='ocr_par' dir='ltr' id='par_1_22' title="bbox 1865 978 1953 1025">
     <span class='ocr_line' id='line_1_59' title="bbox 1865 978 1953 1025; baseline -0.011 0"><span class='ocrx_word' id='word_1_378' title='bbox 1865 978 1953 1025; x_wconf 83' lang='lat'>514</span> 
     </span>
    </p>
   </div>
   <div class='ocr_carea' id='block_1_17' title="bbox 209 1156 1953 1288">
    <p class='ocr_par' dir='ltr' id='par_1_23' title="bbox 209 1156 1953 1288">
     <span class='ocr_line' id='line_1_60' title="bbox 209 1156 1953 1288; baseline 0.002 -35"><span class='ocrx_word' id='word_1_379' title='bbox 209 1209 436 1254; x_wconf 76' lang='lat' dir='ltr'>Clisthenes</span> <span class='ocrx_word' id='word_1_380' title='bbox 465 1208 673 1267; x_wconf 80' lang='lat' dir='ltr'>Megaclis</span> <span class='ocrx_word' id='word_1_381' title='bbox 711 1210 770 1254; x_wconf 92' lang='lat' dir='ltr'>fil.</span> <span class='ocrx_word' id='word_1_382' title='bbox 811 1223 867 1254; x_wconf 85' lang='lat' dir='ltr'>ex</span> <span class='ocrx_word' id='word_1_383' title='bbox 895 1210 1303 1256; x_wconf 88' lang='lat' dir='ltr'>Alcmaeonidarum</span> <span class='ocrx_word' id='word_1_384' title='bbox 1341 1215 1471 1270; x_wconf 87' lang='lat' dir='ltr'>gente</span> <span class='ocrx_word' id='word_1_385' title='bbox 1511 1215 1556 1257; x_wconf 92' lang='lat' dir='ltr'>et</span> <span class='ocrx_word' id='word_1_386' title='bbox 1584 1214 1830 1288; x_wconf 68' lang='lat' dir='ltr'>Isaqoras„</span> <span class='ocrx_word' id='word_1_387' title='bbox 1863 1156 1953 1202; x_wconf 72' lang='lat'>51⁰</span> 
     </span>
    </p>
   </div>
   <div class='ocr_carea' id='block_1_18' title="bbox 1860 1746 1948 1791">
    <p class='ocr_par' dir='ltr' id='par_1_24' title="bbox 1860 1746 1948 1791">
     <span class='ocr_line' id='line_1_61' title="bbox 1860 1746 1948 1791; baseline 0 0"><span class='ocrx_word' id='word_1_388' title='bbox 1860 1746 1948 1791; x_wconf 88' lang='grc'>509</span> 
     </span>
    </p>
   </div>
   <div class='ocr_carea' id='block_1_19' title="bbox 1850 2980 1939 3026">
    <p class='ocr_par' dir='ltr' id='par_1_25' title="bbox 1850 2980 1939 3026">
     <span class='ocr_line' id='line_1_62' title="bbox 1850 2980 1939 3026; baseline 0.011 -1"><span class='ocrx_word' id='word_1_389' title='bbox 1850 2980 1939 3026; x_wconf 81' lang='lat'>499</span> 
     </span>
    </p>
   </div>
   <div class='ocr_carea' id='block_1_20' title="bbox 1850 3098 1939 3201">
    <p class='ocr_par' dir='ltr' id='par_1_26' title="bbox 1850 3098 1939 3201">
     <span class='ocr_line' id='line_1_63' title="bbox 1850 3098 1939 3142; baseline 0 0"><span class='ocrx_word' id='word_1_390' title='bbox 1850 3098 1939 3142; x_wconf 77' lang='lat'>494</span> 
     </span>
     <span class='ocr_line' id='line_1_64' title="bbox 1850 3156 1939 3201; baseline 0.011 -1"><span class='ocrx_word' id='word_1_391' title='bbox 1850 3156 1939 3201; x_wconf 78' lang='lat'>495</span> 
     </span>
    </p>
   </div>
   <div class='ocr_carea' id='block_1_21' title="bbox 1844 3331 1941 3613">
    <p class='ocr_par' dir='ltr' id='par_1_27' title="bbox 1844 3331 1941 3613">
     <span class='ocr_line' id='line_1_65' title="bbox 1851 3331 1941 3376; baseline 0.011 -1"><span class='ocrx_word' id='word_1_392' title='bbox 1851 3331 1941 3376; x_wconf 76' lang='lat'>49³</span> 
     </span>
     <span class='ocr_line' id='line_1_66' title="bbox 1848 3447 1937 3494; baseline 0.011 -1"><span class='ocrx_word' id='word_1_393' title='bbox 1848 3447 1937 3494; x_wconf 73' lang='lat'>492</span> 
     </span>
     <span class='ocr_line' id='line_1_67' title="bbox 1844 3566 1932 3613; baseline -0.011 0"><span class='ocrx_word' id='word_1_394' title='bbox 1844 3566 1932 3613; x_wconf 73' lang='lat'>491</span> 
     </span>
    </p>
   </div>
   <div class='ocr_carea' id='block_1_22' title="bbox 2008 1748 2116 1911">
    <p class='ocr_par' dir='ltr' id='par_1_28' title="bbox 2008 1748 2116 1911">
     <span class='ocr_line' id='line_1_68' title="bbox 2009 1748 2116 1792; baseline 0.009 -1"><span class='ocrx_word' id='word_1_395' title='bbox 2009 1748 2116 1792; x_wconf 79' lang='lat'>674</span> 
     </span>
     <span class='ocr_line' id='line_1_69' title="bbox 2008 1865 2110 1911; baseline 0 -1"><span class='ocrx_word' id='word_1_396' title='bbox 2008 1865 2110 1911; x_wconf 81' lang='lat'>681</span> 
     </span>
    </p>
   </div>
   <div class='ocr_carea' id='block_1_23' title="bbox 2003 2221 2106 2265">
    <p class='ocr_par' dir='ltr' id='par_1_29' title="bbox 2003 2221 2106 2265">
     <span class='ocr_line' id='line_1_70' title="bbox 2003 2221 2106 2265; baseline 0 0"><span class='ocrx_word' id='word_1_397' title='bbox 2003 2221 2106 2265; x_wconf 81' lang='lat'>691</span> 
     </span>
    </p>
   </div>
   <div class='ocr_carea' id='block_1_24' title="bbox 1999 2980 2105 3025">
    <p class='ocr_par' dir='ltr' id='par_1_30' title="bbox 1999 2980 2105 3025">
     <span class='ocr_line' id='line_1_71' title="bbox 1999 2980 2105 3025; baseline 0 -1"><span class='ocrx_word' id='word_1_398' title='bbox 1999 2980 2105 3025; x_wconf 82' lang='grc'>702</span> 
     </span>
    </p>
   </div>
   <div class='ocr_carea' id='block_1_25' title="bbox 1999 3097 2170 3200">
    <p class='ocr_par' dir='ltr' id='par_1_31' title="bbox 1999 3097 2170 3200">
     <span class='ocr_line' id='line_1_72' title="bbox 1999 3097 2170 3142; baseline 0 0"><span class='ocrx_word' id='word_1_399' title='bbox 1999 3097 2170 3142; x_wconf 79' lang='grc'>713.</span> 
     </span>
     <span class='ocr_line' id='line_1_73' title="bbox 1999 3156 2105 3200; baseline 0.009 -1"><span class='ocrx_word' id='word_1_400' title='bbox 1999 3156 2105 3200; x_wconf 83' lang='grc'>’112</span> 
     </span>
    </p>
   </div>
  </div>
 </body>
</html>
