2392 4016
352 152 436 197 178

349 308 384 338 p.
399 299 438 331 C.
524 308 557 330 u.
572 308 601 332 0.
653 299 727 339 imp

1122 154 1300 196 Annales
1331 156 1501 196 Romani

350 344 435 387 307
501 344 615 388 1060
675 344 701 386 2
730 322 1022 387 'Maximiano
1054 344 1121 387 IX
1153 348 1197 388 et
1230 344 1516 389 Constantino
1554 359 1644 391 cos.
1676 348 1871 400 Severus,
1913 361 2040 403 quem
2073 348 2271 393 Galerius

348 1048 434 1091 308
499 1039 620 1090 1061ν
675 1048 702 1091 3

353 1166 438 1208 309
504 1164 616 1208 1062
678 1165 706 1208 4

349 1224 436 1267 310
500 1224 613 1267 1063
676 1224 702 1267 5

347 1459 431 1502 311
500 1458 613 1501 1064
675 1459 701 1501 6

346 1872 432 1916 312
479 1869 611 1915 v1065
674 1871 699 1914 7

348 2518 434 2562 313
501 2519 613 2562 1066
679 2518 706 2561 8

353 3399 439 3442 314
503 3400 616 3444 1067
680 3399 705 3442 9

800 401 1047 459 Augustum
1079 403 1397 458 declaraverat,
1430 418 1528 448 cum
1560 407 1755 450 exercitu
1796 409 1841 450 in
1873 408 2042 450 Italiam
2071 413 2274 464 properat

800 461 1064 505 Maxentium
1095 466 1390 518 superaturus,
1428 464 1506 506 sed
1536 477 1562 506 a
1590 465 1799 510 militibus
1823 467 2020 510 desertus
2044 467 2274 510 Ravennae

801 533 949 564 mense
970 520 1111 576 Aprili
1132 523 1258 577 perit.
1307 522 1358 565 In
1375 523 1469 566 eius
1486 523 1628 566 locum
1646 523 1855 568 Carnunti
1874 525 2072 568 Galerius
2094 526 2143 568 11
2163 526 2203 569 N
2207 539 2273 569 ov.

801 580 1111 637 LICINIUM
1123 581 1354 624 substituit
1374 581 1634 638 Augustum,
1665 584 1780 639 quod
1811 584 1925 627 idem
1957 597 2115 627 nomen
2145 586 2273 640 paulo

802 641 901 681 ante
943 638 1256 682 Constantinus
1297 644 1560 696 sumpserat,
1607 654 1708 684 mox
1746 644 1791 685 in
1828 643 1936 685 Asia
1966 639 2272 696 Maxmmus,

806 696 1148 740 Christianorum
1170 711 1284 751 osor,
1307 700 1393 743 sibi
1413 700 1509 756 ipse
1529 700 1726 756 imponit.
1774 701 1924 757 Neque
1946 705 2089 744 tamen
2100 703 2274 744 Maxen-

800 756 908 798 tium
939 759 1014 799 aut
1043 757 1174 800 armis
1209 757 1432 812 Galerius,
1473 762 1548 801 aut
1585 759 1757 803 insidiis
1787 761 2095 813 Maximianus,
2140 774 2273 804 senex

802 815 1057 859 ambitiosus
1097 818 1142 858 et
1179 817 1362 873 impius,
1404 818 1591 861 deiicere
1631 821 1789 874 potest.
1866 819 2001 862 Immo
2038 820 2109 862 1110
2150 820 2275 862 Italia

800 874 953 929 pulsus
992 875 1038 917 in
1071 873 1256 917 Galliam
1296 876 1350 918 ad
1391 875 1726 920 Constantinum
1767 877 2025 930 (Treviros)
2065 879 2273 934 confugit,

803 933 875 974 cui
904 934 1117 986 Faustam,
1148 933 1281 976 filiam
1313 947 1449 989 suam,
1481 936 1527 978 in
1556 937 1877 979 matrimonium
1909 937 2098 980 dederat.
2162 937 2274 989 (Ita-
2350 938 2356 943 ⁷

801 1003 884 1044 que
914 1007 985 1032 sex
1014 993 1208 1046 Auqustz,
1240 995 1329 1036 tres
1360 995 1406 1036 in
1438 994 1689 1047 Occidente,
1719 999 1810 1038 tres
1841 997 1886 1038 in
1917 996 2125 1047 Oriente.)

766 1047 866 1091 Cos.
900 1049 1038 1104 Impp.
1070 1050 1357 1094 Maximianus
1395 1051 1463 1104 X,
1504 1052 1706 1095 Galerius
1746 1054 1864 1107 VII.)
1937 1054 2184 1098 Alexander
2229 1052 2273 1097 in

800 1106 951 1150 Africa
980 1108 1208 1163 imperium
1241 1110 1373 1152 sumit
1403 1113 1448 1152 et
1477 1123 1555 1165 per
1585 1111 1818 1154 triennium
1848 1116 1982 1155 tenet.

770 1165 918 1209 Annus
951 1166 1109 1209 dicitur
1128 1167 1293 1222 primus
1325 1171 1428 1224 post
1458 1170 1731 1212 consulatum
1751 1170 2000 1213 Maximiani
2031 1174 2075 1213 et
2097 1171 2273 1214 Galerii.

764 1225 912 1268 Altero
953 1238 1064 1268 anno
1102 1229 1205 1281 post
1242 1227 1517 1270 consulatum
1555 1228 1806 1272 Maximiani
1855 1232 1899 1271 et
1941 1229 2104 1272 Galerii
2141 1231 2275 1272 Maxi-

801 1285 986 1337 mianus,
1007 1297 1078 1327 res
1100 1297 1235 1328 novas
1263 1289 1414 1329 contra
1434 1299 1641 1342 generum
1662 1288 1855 1341 molitus,
1877 1288 2096 1331 Massiliae
2121 1292 2275 1345 captus

801 1356 953 1386 necem
974 1344 1128 1399 laqueo
1151 1345 1235 1387 sibi
1256 1346 1532 1389 consciscere
1563 1347 1747 1402 cogitur.
1801 1347 1988 1403 Sapores
2009 1347 2053 1390 II
2074 1361 2152 1390 rex
2172 1349 2274 1391 Per-

800 1415 945 1444 sarum
976 1402 1037 1445 fit.

765 1460 939 1504 Galerio
977 1461 1105 1514 VIII,
1159 1461 1394 1505 Maximino
1441 1463 1485 1505 II
1530 1462 1674 1520 Augg.
1723 1477 1813 1507 cos.
1855 1463 2054 1507 Galerius
2100 1465 2273 1515 (mense

803 1519 936 1572 Maio)
967 1521 1116 1563 morbo
1141 1521 1326 1574 decedit,
1359 1522 1430 1564 cui
1463 1523 1660 1565 succedit
1686 1524 1880 1566 Licinius.
1931 1524 2176 1566 Maxentius
2197 1537 2275 1579 per

798 1578 1043 1634 praefectos
1077 1591 1179 1622 suos
1211 1579 1424 1633 Africam,
1463 1580 1711 1624 Alexandro
1750 1583 1890 1634 victo,
1929 1583 1975 1625 in
2013 1585 2272 1638 potestatem

800 1637 981 1693 redigit,
1019 1639 1114 1694 ipse
1145 1639 1334 1682 imbellis
1365 1642 1409 1682 et
1439 1640 1710 1694 luxuriosus,
1744 1641 2015 1684 Christianae
2046 1641 2149 1684 fidei
2181 1642 2272 1684 cul-

799 1697 966 1738 toribus
1012 1697 1223 1740 infensus.
1309 1698 1547 1742 Eumenius
1594 1699 1898 1751 Aeduensium,
1939 1701 2111 1742 nomine
2161 1700 2272 1743 Con-

799 1755 990 1796 stantino
1028 1755 1075 1797 in
1114 1756 1207 1798 eius
1240 1757 1632 1812 quinquennalibus
1665 1760 1826 1814 gratias
1859 1760 1951 1815 agit
1990 1759 2042 1801 de
2073 1759 2271 1802 remissis

798 1814 974 1856 tributis
1008 1811 1197 1870 (Paneg.
1222 1814 1343 1866 VII).

763 1870 864 1914 Cos.
898 1871 1038 1928 Augg.
1072 1871 1358 1916 Constantino
1406 1874 1449 1916 II
1497 1877 1541 1917 et
1578 1875 1747 1918 Licinio
1786 1875 1829 1918 II
1876 1876 2120 1919 Maxentius
2161 1876 2272 1919 Con-

800 1932 1038 1973 stantinum
1076 1944 1246 1987 quoque
1285 1933 1467 1989 aggredi
1503 1937 1640 1989 parat.
1703 1934 1793 1977 Sed
1810 1935 1898 1977 .hic
1938 1935 2101 1977 bellum
2131 1948 2271 1988 orsus,

798 1989 969 2045 Italiam
1001 1992 1289 2046 superiorem,
1331 1995 1551 2048 reportata
1579 1994 1626 2036 in
1665 1994 1829 2049 campis
1863 1994 2169 2037 Taurinatibus
2210 1996 2272 2037 vi-

801 2049 951 2102 ctoria,
985 2053 1182 2106 occupat,
1214 2051 1357 2106 ipsum
1379 2051 1646 2099 Maxentium
1674 2053 1722 2095 in
1750 2065 1898 2109 pugna
1919 2053 1974 2095 ad
1993 2053 2114 2095 Saxa
2144 2057 2269 2095 rubra

798 2107 1003 2164 profligat
1033 2107 1148 2157 (Oct.
1171 2109 1276 2162 27.).
1338 2111 1579 2154 Maxentius
1597 2112 1792 2166 suyienS,
1825 2112 1927 2154 dum
1956 2115 2133 2167 pontem
2163 2113 2271 2154 Mul-

800 2168 918 2209 vium
957 2169 1136 2222 transit,
1176 2181 1275 2211 cum
1315 2182 1426 2225 equo
1466 2170 1616 2226 lapsus
1655 2172 1702 2213 in
1733 2171 1926 2214 Tiberim
1954 2172 2270 2228 submergitur.

802 2225 959 2267 Cetera
988 2226 1115 2269 facile
1146 2228 1302 2270 victori
1333 2228 1560 2282 deduntur,
1592 2230 1855 2285 praetoriani
1885 2230 2045 2272 milites
2068 2234 2271 2273 exaucto-

796 2287 961 2337 rantur,
993 2298 1133 2340 neque
1165 2286 1433 2342 supplentur.
1481 2288 1747 2330 *Christianis
1767 2289 1909 2331 edicto
1929 2290 2153 2344 proposito
2184 2302 2271 2332 non

799 2343 941 2386 solum
972 2343 1276 2400 impunitatem
1298 2346 1513 2399 concedit,
1546 2347 1624 2390 sed
1654 2347 1793 2402 inseq.
1827 2360 1939 2390 anno
1971 2349 2101 2390 etiam
2132 2358 2270 2403 aperte

786 2403 923 2455 favet.

854 2460 921 2503 Ab
953 2461 1036 2503 1100
1067 2474 1179 2504 anno
1212 2461 1239 2504 8
1273 2461 1365 2505 Cal.
1391 2463 1485 2506 Oct.
1521 2465 1762 2507 indictiones
1791 2466 2009 2507 numerari
2041 2466 2195 2508 solent.

765 2517 893 2562 Anno
924 2520 1101 2563 ineunte
1135 2520 1421 2565 Constantino
1452 2522 1517 2565 III
1549 2525 1593 2566 et
1612 2523 1782 2566 Licinio
1813 2524 1879 2566 III
1897 2523 2040 2580 Augg.
2073 2538 2161 2568 cos.
2184 2526 2270 2568 Me-

797 2578 959 2622 diolani
998 2580 1175 2634 nuptiae
1214 2581 1328 2623 inter
1365 2581 1583 2631 Licinium
1624 2585 1668 2625 et
1708 2582 2027 2636 Constantiam,
2078 2596 2270 2627 sororem

797 2636 1094 2690 Constantini,
1135 2639 1420 2683 celebrantur.
1481 2641 1627 2695 Prima
1656 2641 1730 2684 lex
1761 2642 1813 2684 de
1844 2643 2113 2685 immunitate
2145 2644 2269 2686 cleri-

797 2709 945 2739 corum
976 2710 1002 2739 a
1032 2698 1233 2741 civilibus
1264 2699 1514 2743 muneribus
1549 2701 1772 2754 emittitur,
1805 2701 1859 2744 cf.
1883 2701 2045 2744 Theod.
2079 2702 2174 2744 cod.
2200 2703 2268 2755 16,

798 2754 839 2807 2,
876 2756 897 2797 1
934 2768 1024 2811 seq.
1057 2769 1159 2799 mox
1189 2758 1251 2800 ita
1279 2759 1605 2815 restringenda,
1643 2773 1699 2802 ne
1732 2760 1882 2803 clerici
1912 2759 2018 2802 fiant
2047 2761 2134 2803 nisi
2163 2775 2268 2816 pau-

795 2827 935 2868 peres.
999 2815 1203 2859 Treviros
1233 2830 1433 2860 reversus
1468 2817 1781 2862 Constantinus
1816 2819 1917 2861 adv.
1948 2820 2165 2872 Francos,
2196 2821 2268 2862 Li-

795 2872 935 2915 cinius
967 2873 1174 2917 adversus
1206 2875 1478 2919 Maximinum
1515 2877 1827 2933 proficiscitur,
1867 2879 1941 2933 qui
1967 2879 2144 2931 subito,
2184 2882 2268 2921 tra-

796 2931 911 2973 iecto
950 2932 996 2974 in
1033 2932 1251 2989 Europam
1291 2937 1507 2988 exercitu,
1546 2937 1710 2979 bellum
1748 2940 1963 2992 coeperat.
2028 2937 2116 2980 Sed
2153 2938 2268 2980 idem

795 2990 910 3045 apud
940 2990 1195 3034 Heracleam
1227 3005 1252 3034 a
1281 2993 1452 3037 Licinio
1495 2995 1684 3038 vincitur
1721 2994 1858 3051 (prid.
1893 2995 1983 3038 Cal.
2015 2995 2189 3049 Maias),
2225 3000 2268 3039 et

796 3049 962 3104 aliquot
991 3051 1213 3093 mensibus
1245 3054 1359 3106 post,
1392 3053 1444 3095 de
1477 3054 1616 3096 salute
1639 3054 1888 3109 desperans,
1923 3055 2050 3097 Tarsi
2071 3057 2264 3098 moritur.

795 3107 911 3158 (Iam
941 3109 1075 3164 igitur
1106 3111 1183 3151 duo
1213 3112 1293 3152 soli
1328 3127 1458 3153 rerum
1499 3112 1682 3165 domini.)
1741 3113 1884 3155 Etiam
1915 3113 2110 3156 Licinius
2146 3113 2266 3156 Chri-

798 3167 963 3209 stianae
994 3168 1197 3224 religioni
1229 3169 1389 3224 (quam
1410 3171 1670 3214 Maximinus
1701 3171 1862 3214 frustra
1892 3173 2144 3228 extinguere
2177 3176 2267 3216 stu-

796 3225 969 3276 duerat)
1019 3226 1165 3270 favere
1208 3229 1373 3284 coepit,
1420 3242 1560 3285 neque
1600 3233 1746 3273 tamen
1793 3229 1921 3274 sim'ul
1967 3232 2266 3274 crudelitatem

797 3285 931 3336 exuit,
963 3297 1048 3339 qua
1079 3300 1178 3329 cum
1209 3287 1254 3329 in
1283 3288 1407 3341 alios,
1439 3291 1531 3331 tum
1563 3290 1609 3331 in
1629 3289 1802 3336 domum
1823 3289 2084 3332 Diocletiani
2115 3292 2263 3333 utitur.

797 3341 930 3395 Cirta,
961 3343 1191 3388 Numidiae
1216 3347 1434 3402 oppidum,
1469 3349 1679 3404 appellari
1701 3351 1855 3404 coepta
1876 3351 1943 3391 est
1966 3348 2263 3392 Constantina.

767 3399 867 3444 Cos.
891 3400 939 3444 G.
970 3401 1174 3447 Ceionius
1205 3405 1357 3448 Rufius
1389 3406 1652 3459 Volusianus
1684 3407 1728 3450 II
1759 3410 1803 3450 et
1831 3407 2092 3460 Annianus.)
2158 3409 2264 3450 Bas-

793 3461 948 3502 sianum
977 3473 1047 3503 res
1079 3475 1214 3507 novas
1245 3465 1443 3507 molitum
1475 3465 1810 3519 Constantinus,
1850 3479 2106 3521 quamquam
2141 3479 2261 3508 suam

793 3518 858 3561 illi
896 3531 1086 3562 sororem
1129 3523 1175 3564 in
1222 3524 1543 3567 matrimonium
1590 3525 1788 3578 dederat,
1811 3524 2050 3568 interficit.
2125 3525 2262 3567 Simul
