2392 4016
344 164 428 222 194

341 718 428 766 412

341 958 428 1001 413

339 1313 427 1356 414

340 1853 427 1899 415

339 2150 426 2192 416

338 2563 424 2605 417

339 3096 426 3139 418

338 3334 425 3377 419

1116 177 1294 218 Annales
1323 178 1495 219 Romani
1558 182 1562 190 '

501 332 580 356 Μ·
637 332 723 364 unp.
825 369 912 439 iam
950 369 996 412 in
1029 368 1172 413 Gallia
1212 369 1338 414 sedes
1370 370 1635 427 posuerant)
1677 372 1850 416 adiutus
1890 374 2194 429 imperatorem
2227 388 2273 418 se

825 428 1058 531 fecIlgssgrt'ea
1087 488 1261 532 barbari
1279 488 1536 545 Hispaniam
1570 490 1828 543 obtinentes,
1862 493 2027 534 certum
2060 491 2273 547 quoddam

827 547 978 590 foedus
1019 560 1118 591 cum
1157 548 1496 604 provincialibus
1535 549 1711 602 ineunt,
1751 553 1799 592 ut
1829 550 2014 592 Vandali
2058 564 2108 594 ac
2142 551 2289 598 Suevi,
2370 549 2378 554 ’

833 606 1093 660 θαῑαεσίατη,
1133 605 1262 650 Alani
1293 605 1418 660 (cum
1449 607 1660 652 Vandalis
1693 608 1899 665 Silingis)
1931 610 2190 652 Lusitaniam
2233 614 2275 652 et

824 666 1043 708 Baeticam
1075 666 1304 710 insideant.

494 723 607 768 1165
672 723 725 768 18
789 724 888 769 Cos.
912 725 1055 782 Augg.
1076 725 1296 768 Honorius
1319 725 1400 779 IX,
1424 725 1697 770 Theodosius
1720 726 1794 779 V.)
1849 726 2137 784 Athaulphus,
2166 742 2273 784 pace

669 784 726 789 *
825 784 940 828 facta
979 797 1076 827 cum
1107 785 1325 838 Honorio,
1367 799 1421 828 ex
1459 785 1587 828 Italia
1624 786 1669 828 in
1712 785 1896 830 Galliam
1940 800 2036 829 cum
2079 789 2272 830 exercitu

827 843 1068 887 Gothorum
1088 844 1258 898 transit,
1291 844 1574 901 Iovinumque
1598 848 1641 888 et
1663 845 1983 899 Sebastianum,
2013 848 2183 902 imperii
2216 847 2274 888 af-

825 902 1074 956 fectatores,
1105 903 1232 946 facile
1265 904 1402 947 vincit
1431 917 1482 947 ac
1514 903 1716 948 Narbone
1747 905 1968 948 necandos
2001 910 2135 948 curat.

498 959 609 1001 1166
676 961 729 1004 19
791 961 891 1004 Cos.
913 961 1076 1004 Lucius
1100 965 1143 1004 et
1162 962 1472 1006 Heraclianus:
1507 963 1584 1006 sed
1613 963 1741 1007 huius
1764 964 1937 1020 quidem
1959 977 2118 1007 nomen
2149 965 2273 1008 fastis

667 1021 724 1077 ’θ’
826 1019 1032 1072 erasum.)
1093 1021 1384 1075 Heraclianus,
1419 1034 1566 1065 comes
1597 1021 1784 1076 Africae,
1818 1024 1870 1066 ab
1900 1023 2092 1066 Honorio
2128 1023 2274 1066 deficit

826 1081 870 1122 et
900 1079 946 1121 in
978 1079 1149 1122 Italiam
1179 1080 1356 1133 traiicit,
1389 1080 1468 1123 sed
1497 1093 1631 1136 prope
1653 1081 1834 1124 Romam
1867 1096 1893 1124 a
1921 1083 2085 1126 Marino
2118 1084 2274 1126 comite

750 1145 758 1149 ”
825 1139 968 1182 victus
1001 1151 1100 1180 cum
1132 1137 1437 1195 Carthaginem
1468 1138 1573 1195 fuga
1602 1141 1849 1196 repetisset,
1881 1140 2151 1184 interficitur.
2204 1142 2273 1184 In-

823 1201 945 1240 terea
964 1195 1253 1254 Athaulphus‚
1284 1211 1372 1241 non
1395 1202 1568 1242 servata
1587 1197 1687 1252 fide,
1717 1199 1921 1242 Narbone
1952 1201 2131 1255 potitur,
2163 1201 2274 1243 Mas-

825 1257 966 1300 siliam
990 1269 1160 1313 quoque
1180 1270 1335 1314 capere
1358 1260 1552 1311 conatur,
1575 1257 1797 1302 defensam
1815 1272 1839 1300 a
1855 1259 2082 1302 Bonifacio
2104 1261 2275 1302 comite.

492 1314 604 1358 1167
669 1314 726 1359 2Ο
788 1316 888 1360 Cos.
914 1316 1170 1359 Constantio
1203 1320 1247 1359 et
1270 1317 1510 1360 Constante
1541 1318 1718 1361 ineunte
1741 1331 1853 1361 anno
1873 1317 2145 1374 Athaulphus
2168 1319 2275 1361 Nar-

683 1390 708 1432 7
825 1376 939 1420 bone
978 1376 1153 1431 nuptias
1187 1389 1284 1419 cum
1315 1377 1530 1430 Placidia,
1570 1377 1754 1420 Honorii
1784 1378 1888 1433 imp.
1922 1390 2092 1431 sorore,
2124 1391 2274 1420 mense

826 1435 917 1478 Ian.
951 1435 1164 1478 celebrat:
1203 1449 1305 1479 mox
1334 1436 1573 1493 Burdigala
1613 1439 1784 1486 vastata
1819 1437 1865 1479 in
1895 1437 2149 1493 Hispaniam
2183 1438 2274 1480 sive

824 1496 962 1548 iussu,
995 1495 1087 1537 sive
1118 1496 1335 1551 permissu
1365 1496 1469 1552 imp.
1501 1495 1722 1551 profectus
1751 1496 2041 1539 Barcinonem
2073 1499 2272 1551 occupat.

826 1577 882 1582 —
916 1553 1295 1611 Constantinopoli
1334 1568 1432 1598 cum
1462 1553 1721 1598 Anthemius
1761 1555 2136 1598 administratione
2167 1557 2273 1611 reip.

826 1626 873 1656 se
905 1613 1175 1666 abdicasset,
1215 1611 1440 1656 Pulcheria
1469 1615 1685 1670 Auyusta‚
1724 1615 1860 1671 virgo,
1889 1627 2011 1658 soror
2055 1616 2277 1657 Theodosii

828 1674 1011 1725 iunioris,
1044 1673 1238 1728 Auyusta
1259 1673 1431 1726 dicitur,
1464 1686 1574 1729 quae
1597 1673 1777 1717 eandem
1810 1675 2113 1716 auctoritatem
2145 1675 2273 1716 etiam

827 1731 974 1773 adulto
1005 1731 1138 1774 fratre
1172 1734 1214 1774 et
1244 1735 1346 1788 post
1377 1733 1470 1776 eius
1510 1735 1692 1776 mortem
1732 1745 1871 1788 usque
1914 1733 1969 1775 ad
1999 1734 2114 1776 vitae
2144 1733 2271 1775 finem

826 1789 893 1843 (a.
914 1788 1027 1841 453)
1061 1793 1219 1833 servat.

493 1852 605 1897 1168
668 1851 722 1894 21
788 1849 888 1893 Cos.
920 1849 1064 1906 Augg.
1097 1849 1290 1893 Honorio
1322 1850 1367 1892 X
1412 1853 1455 1892 et
1487 1850 1734 1894 Theodosio
1766 1851 1828 1894 VI
1858 1850 2129 1906 Athaulphus
2162 1864 2273 1893 anno

683 1925 709 1968 3
825 1909 966 1952 medio
998 1909 1243 1952 Barcinone
1283 1922 1381 1952 cum
1418 1908 1521 1952 filiis
1563 1911 1655 1953 suis
1687 1909 1836 1954 fraude
1878 1911 2007 1953 unius
2048 1910 2277 1953 domestici

828 1970 1128 2025 interemptus.
1175 1969 1382 2025 Hypatia,
1406 1969 1597 2012 Theonis
1618 1969 1722 2023 filia,
1744 1966 2043 2026 philosophiae
2066 1970 2274 2021 studiosa,

824 2028 1113 2071 Alexandriae
1169 2042 1194 2071 a
1230 2028 1380 2084 plebe,
1429 2041 1559 2085 quam
1605 2028 1796 2085 Cyrillus
1847 2030 1980 2086 episc.
2022 2030 2275 2080 concitarat,

826 2088 1120 2131 obtruncatur.

494 2149 606 2192 1169
668 2147 724 2190 22
787 2147 1034 2190 Theodosio
1056 2147 1168 2203 Aug.
1192 2146 1278 2191 VII
1310 2149 1354 2189 et
1384 2147 1509 2189 Iunio
1551 2146 1712 2199 Quarto
1743 2146 1940 2190 Palladio
1981 2160 2070 2190 cos.
2105 2147 2274 2199 Wallia,

683 2222 708 2265 9
746 2259 747 2262 Ἰ
824 2219 903 2249 rex
936 2205 1175 2249 Gothorum
1207 2209 1399 2258 creatus,
1440 2208 1671 2261 postquam
1701 2206 1862 2249 frustra
1902 2207 1950 2248 in
1978 2206 2171 2249 Africam
2202 2221 2275 2248 na-

825 2266 951 2308 vibus
983 2266 1183 2307 traiicere
1207 2268 1388 2307 conatus
1421 2268 1501 2318 est,
1532 2270 1789 2319 pacem‘cum
1809 2267 1994 2307 Honorio
2015 2268 2145 2320 facit,
2176 2266 2273 2308 Pla-

824 2324 982 2368 cidiam
1011 2324 1135 2366 fratri
1163 2325 1369 2377 restituit,
1400 2324 1503 2366 inde
1533 2325 1580 2366 in
1609 2325 1790 2367 militiae
1821 2325 2041 2366 Romanae
2078 2326 2174 2366 iura
2204 2337 2274 2366 ac-

828 2389 980 2440 ceptus
1013 2383 1175 2426 bellum
1216 2397 1315 2427 cum
1352 2383 1546 2427 barbaris
1586 2397 1665 2439 per
1695 2384 1950 2439 Hispaniam
1981 2396 2059 2439 pro
2091 2384 2272 2438 imperio

823 2443 1020 2486 Romano
1045 2455 1195 2499 gerere
1227 2443 1384 2498 coepit.
1437 2443 1621 2495 AttaluS,
1652 2444 1727 2498 qui
1745 2443 1921 2486 biennio
1943 2446 2042 2485 ante
2062 2443 2109 2484 in
2133 2442 2274 2485 Gallia

824 2515 975 2545 rursus
1006 2515 1240 2558 purpuram
1273 2505 1532 2557 sumpserat,
1565 2502 1734 2558 capitur
1765 2516 1814 2545 ac
1846 2502 2077 2558 relegatur.

490 2562 605 2606 1170
665 2562 722 2605 23
785 2561 886 2605 Cos.
918 2562 1137 2605 Honorius
1170 2560 1280 2618 Aug.
1304 2561 1393 2615 XI,
1441 2561 1722 2605 Constantius
1762 2561 1843 2612 II.)
1911 2562 2131 2604 Honorius
2175 2575 2273 2603 cum

669 2637 725 2680 10
822 2622 918 2677 ipse
948 2621 1110 2665 liberos
1134 2621 1312 2664 haberet
1341 2621 1499 2674 nullos,
1537 2621 1826 2675 Constantium,
1858 2621 1980 2663 cuius
2003 2621 2153 2663 virtuti
2186 2633 2272 2662 me-

823 2681 975 2723 liorem
1014 2693 1159 2722 rerum
1201 2682 1361 2723 statum
1401 2680 1551 2733 debet,
1594 2679 1813 2723 affinitate
1842 2693 1989 2723 secum
2030 2680 2270 2734 coniungit,

825 2739 926 2782 data
955 2752 1106 2782 mense
1127 2739 1218 2782 Ian.
1240 2740 1286 2782 in
1316 2740 1637 2783 matrimonium
1659 2740 1856 2782 Placidia
1888 2762 1940 2768 —-
1975 2752 2032 2781 ex
2061 2751 2146 2794 qua
2169 2739 2272 2780 duo-

824 2799 906 2841 bus
939 2800 1063 2842 annis
1094 2802 1196 2855 post
1227 2798 1267 2841 2.
1298 2799 1379 2842 Iul.
1411 2799 1605 2843 nascitur
1646 2799 1975 2851 Valentinianus,
2016 2799 2090 2853 qui
2119 2801 2273 2853 postea

823 2858 1064 2914 imperavit.
1136 2858 1356 2901 Honorius
1405 2859 1569 2901 Romae
1620 2859 1878 2914 triumphat,
1926 2859 2110 2900 exeunte
2159 2869 2271 2898 anno

825 2917 1077 2960 Ravennam
1107 2919 1351 2961 revertitur.

881 2977 1069 3019 Rutilius
1098 2977 1377 3019 Namatianus
1415 2990 1470 3021 ex
1506 2976 1726 3033 praefecto
1763 2978 1903 3031 urbis,
1941 2977 2024 3018 iter
2057 2975 2271 3018 Gallicum

825 3049 951 3079 suum
980 3037 1179 3080 versibus
1213 3036 1435 3080 describit.

491 3096 602 3141 1171
667 3096 725 3140 24
787 3096 887 3140 Cos.
908 3095 1053 3152 Augg.
1075 3095 1294 3138 Honorius
1325 3093 1416 3138 XII
1448 3098 1491 3138 et
1522 3095 1794 3138 Theodosius
1826 3092 1966 3147 VIII.)
2030 3093 2270 3137 Gothorum

670 3171 721 3214 11
827 3156 1061 3209 exercitus,
1093 3155 1202 3198 duce
1223 3154 1397 3208 Wallia,
1427 3155 1636 3198 maiorem
1656 3155 1893 3211 Hispaniae
1915 3156 2095 3209 partem,
2118 3153 2269 3195 Alanis

825 3214 1121 3271 Vandalisque
1145 3215 1326 3271 Silingis
1355 3227 1493 3270 paene
1517 3214 1692 3267 excisis,
1726 3217 1769 3257 et
1800 3214 1956 3256 ceteris
1988 3214 2035 3255 in
2067 3212 2272 3254 ulteriora

821 3274 1024 3329 repulsis,
1057 3274 1198 3316 denuo
1229 3274 1410 3330 imperio
1443 3274 1735 3316 Romanorum
1766 3273 1954 3316 subiicit.

491 3334 602 3378 1172
666 3334 721 3378 25
786 3332 886 3376 Cos.
917 3333 1145 3376 Monaxius
1179 3336 1223 3376 et
1252 3331 1433 3383 Plinta.)
1498 3332 1653 3376 Gothis
1685 3335 1903 3388 tamquam
1934 3331 2116 3373 militiae
2148 3343 2269 3385 prae-

669 3408 721 3451 12
822 3393 955 3435 mium
985 3393 1185 3448 propriae
1219 3392 1345 3436 sedes
1380 3393 1428 3434 in
1457 3393 1689 3447 Aquitania
1729 3392 1920 3435 secunda
1952 3393 1995 3432 et
2025 3390 2268 3443 Novempo-

822 3451 984 3507 pulana
1033 3452 1300 3494 tribuuntur:
1351 3465 1533 3507 quorum
1574 3464 1701 3507 reges
1735 3454 1782 3494 ut
1821 3451 2051 3506 plurimum
2091 3449 2265 3489 Tolosae

823 3510 1016 3554 habitare
1057 3511 1213 3554 solent.
1274 3511 1436 3554 Wallia
1473 3511 1668 3554 moritur.
1727 3511 1815 3553 Ab.
1839 3510 1924 3552 alia
1961 3510 2083 3564 parte
2115 3505 2266 3547 eodem
