2392 4016
540 153 592 192 ab
623 165 730 194 anno
762 165 804 204 p.
826 151 922 192 Chr.
958 152 1039 191 180
1071 163 1198 203 usque
1228 152 1282 191 sd
1312 120 1460 191 annum
1496 152 1592 191 158.
1949 150 2029 196 161

101 311 139 344 ⁹⁰
153 301 195 336 θ’
254 308 339 335 ’Μ’
397 299 484 342 ¹⁰⁹⁰
555 343 731 413 honesti
771 355 821 388 ac
858 343 983 400 pacis
1022 341 1395 395 studiosissimus,
1435 353 1515 384 nec
1553 344 1698 385 tamen
1737 352 1824 385 1¹0⁰
1860 338 2031 387 “mit“

555 402 728 459 mperii
747 401 858 447 fines
889 404 935 446 et
953 402 1100 447 socios
1119 400 1328 446 adversus
1349 399 1555 444 barbaras
1576 403 1730 456 gentes
1751 399 2003 444 defendens.

106 464 189 509 139
251 462 337 508 892
427 462 455 506 2
519 460 620 507 Cos.
651 460 761 518 Imp.
794 461 845 505 Τ.
876 460 1125 506 Antoninus
1155 459 1222 514 11,
1254 458 1304 503 C.
1333 458 1533 503 Bruttius
1564 458 1779 503 Praesens
1810 457 1886 513 ΙΙ.)
1947 459 2035 503 Au·
2112 478 2123 484 -

555 520 734 564 toninus
754 520 811 564 Μ.
833 519 1026 574 Aurelio,
1056 518 1146 564 filio
1167 519 1388 576 adoptato,
1418 518 1595 560 Anniam
1616 518 1871 571 Faustinam,
1900 517 2035 562 filiam

557 591 694 633 suam,
726 579 982 637 despondet,
1013 591 1111 623 cum
1143 580 1188 623 et
1216 578 1232 623 i
1264 590 1315 621 sa
1343 575 1545 634 Augusta
1573 576 1709 619 Marci
1738 576 1872 620 amita
1901 579 2033 621 esset.

553 637 666 681 Eum
697 641 741 682 et
770 638 1006 683 honoribus
1037 637 1184 683 evehit
1252 648 1532 693 aesaremque
1563 634 1776 692 appellat,
1814 639 1860 679 et
1888 648 2036 679 curam

557 697 685 754 gerit,
718 700 767 740 ut
797 697 1072 754 eloquentiae
1105 710 1156 740 ac
1177 695 1479 753 philosophiae
1499 694 1723 751 magistris
1745 694 1921 751 optimis
1943 697 2035 738 uta-

555 758 648 809 tur,
699 756 974 813 eloquentiae
1011 756 1179 798 Herode
1215 755 1356 798 Attico
1395 757 1440 798 et
1475 755 1698 806 Frontone,
1738 753 2037 810 philosophiae

554 815 768 872 imprimis
798 815 925 860 Iunio
955 814 1138 858 Rustico
1174 815 1219 858 et
1247 812 1482 870 Apollonio
1505 811 1815 866 Chalcedonio,
1849 811 2034 866 Stoicis;

0 909 4 935 ι
558 873 700 918 eidem
731 873 997 918 Graecarum
1037 873 1278 917 litterarum
1309 872 1519 929 magister
1555 874 1624 915 est
1655 871 1817 916 Sextus
1850 870 2037 916 Chaero-

556 933 722 1002 nensis,
753 933 978 977 Plutarchi
1008 944 1146 989 nepos
1179 945 1235 976 ex
1254 930 1358 975 filia.
1405 931 1506 988 Ipse
1527 930 1633 974 Pius
1656 931 1899 988 appellatur
1914 940 2038 987 pater

613 1001 730 1035 mae.

105 1050 190 1095 140
249 1049 336 1095 893
425 1047 455 1094 3
515 1007 801 1095 ngsulatum
842 1052 1000 1108 gerunt
1030 1049 1140 1106 Imp.
1179 1047 1428 1093 Antoninus
1467 1049 1574 1093 Pius
1606 1048 1693 1102 111,
1740 1049 1795 1093 Μ.
1827 1048 2031 1094 Aurelius

558 1109 732 1154 Caesar.
794 1110 941 1166 Reges
972 1109 1130 1153 dantur
1157 1105 1377 1152 Armeniis
1408 1110 1454 1152 et
1485 1106 1662 1160 Quadis.

105 1169 186 1213 141
214 1219 217 1221 Α
251 1168 338 1213 894
426 1167 456 1211 4
519 1167 621 1213 Cos.
651 1169 707 1212 Μ.
737 1168 992 1213 Peducaeus
1025 1168 1180 1224 Stloga
1210 1167 1460 1221 Priscinus,
1500 1166 1552 1210 Τ.
1583 1167 1779 1210 Hoenius
1811 1166 2035 1220 Severus.)

556 1228 751 1272 Mortuae
781 1228 1009 1285 Augustae
1048 1226 1243 1279 (Anniae
1275 1225 1477 1270 Galeriae
1504 1225 1766 1277 Faustinae)
1806 1227 2037 1270 memoriae

555 1300 692 1389 fausa
721 1286 1219 1390 puelltqelalimenttariae
1240 1285 1551 1387 Faulsltinianae
1582 1285 1882 1329 instituuntur.
1935 1285 2037 1329 Pto-

573 1359 749 1390 emaeus
781 1359 830 1390 as
873 1359 943 1390 oo
978 1359 1030 1390 us
1063 1359 1086 1389 e
1193 1357 1218 1388 o
1274 1358 1299 1388 a
1360 1357 1428 1388 uS.

518 1403 619 1449 Cos.
650 1405 701 1449 L.
735 1404 923 1462 Cuspius
947 1357 1437 1458 {ufinusffeLgrSKtatius
1471 1401 1730 1455 Quadratus.

517 1462 619 1508 Cos·
652 1463 700 1508 G.
730 1464 944 1508 Bellicius
983 1451 1253 1520 Torquatus,
1299 1463 1363 1505 Ti.
1401 1462 1600 1505 Claudius
1636 1461 1802 1503 Atticus
1836 1461 2037 1515 Herodes,

553 1523 625 1567 hic
655 1522 831 1580 quidem
861 1523 1074 1579 imprimis
1107 1522 1382 1578 eloquentiae
1414 1520 1542 1564 laude
1573 1519 1750 1573 florens,
1791 1519 1870 1563 sed
1902 1520 2036 1564 Grae-

555 1594 647 1635 cae,
688 1595 787 1625 cum
815 1579 1099 1625 Atheniensis
1131 1582 1251 1624 esset
1282 1594 1305 1623 e
1336 1592 1451 1637 pago
1482 1579 1765 1622 Marathonio.
1829 1578 2037 1623 Eiusdem

555 1641 659 1684 anni
695 1653 786 1684 cos.
825 1640 1035 1684 suffectus
1078 1652 1231 1684 mense
1263 1639 1375 1683 Iulio
1420 1641 1464 1682 et
1494 1637 1695 1695 Augusto
1727 1638 1791 1680 Μ.
1830 1638 2039 1682 Cornelius

552 1700 726 1755 Fronto,
766 1699 1022 1744 Latinorum
1056 1700 1277 1743 rhetorum
1308 1698 1616 1742 celeberrimus
1630 1730 1640 1750 ,
1681 1696 1919 1741 Caesarum
1949 1712 2039 1741 ma-

554 1759 704 1815 gister.
734 1758 888 1816 Neque
910 1772 988 1816 per
1006 1758 1253 1815 provincias
1268 1759 1498 1800 rhetoribus
1512 1757 1831 1811 acphilosoplais
1846 1758 2038 1801 omnium

553 1821 770 1862 sectarum
803 1831 884 1862 sua
913 1818 1108 1874 praemia
1138 1817 1311 1870 desunt,
1342 1816 1501 1872 quibus
1533 1831 1670 1858 annua
1699 1817 1889 1859 sestertia
1918 1832 2038 1860 κταρ

553 1892 663 1979 geria
686 1878 1190 1980 ffiblioehoemgmmr‘
1243 1874 1589 1920 Christianorum
1618 1875 1863 1918 doctrinam
1891 1876 2039 1920 turbat

595 1949 622 1978 a
640 1949 694 1979 en
762 1949 814 1979 us
874 1949 973 1980 aere
1012 1948 1103 1980 cus.

103 1990 188 2035 144
248 1990 335 2037 897
426 1993 453 2037 7
516 1992 618 2038 Cos.
649 1994 700 2039 L.
730 1994 898 2039 Hedius
928 1995 1154 2039 Lollianus
1183 1991 1366 2046 Avitus,
1406 1991 1615 2036 Claudius
1647 1989 1869 2046 (Gavius)
1900 1992 2034 2036 Maxi·

554 2052 683 2105 mus.)
734 2053 786 2098 In
805 2053 1075 2098 Britanniam
1097 2053 1271 2098 crebras
1293 2052 1578 2096 excursiones
1598 2051 1833 2108 Brigantes
1854 2051 2034 2105 faciunt,

555 2113 712 2169 quibus
745 2126 772 2156 a
799 2113 946 2170 legato
966 2113 1108 2157 Lollio
1130 2112 1292 2157 Urbico
1323 2111 1468 2165 victis,
1499 2124 1648 2154 murus
1680 2111 1936 2168 cespiticius
1969 2111 2032 2154 ul·

553 2172 691 2216 terius
721 2172 950 2229 profertur,
982 2173 1059 2216 ubi
1088 2174 1218 2215 antea
1246 2168 1481 2227 Agricolae
1512 2169 1668 2213 fuerat.

19 2287 22 2290 y
104 2226 188 2272 145
249 2223 336 2273 898
427 2228 455 2273 8
515 2229 624 2287 Imp.
655 2230 735 2275 Pio
767 2230 843 2285 IV,
873 2231 930 2274 M.
951 2228 1130 2275 Aurelio
1154 2229 1279 2274 Caes.
1302 2229 1346 2273 11
1376 2241 1468 2273 cos.
1498 2227 1618 2282 (suff.
1642 2228 1745 2272 Sex.
1769 2227 2033 2285 Calphurnio

551 2288 772 2346 Agricola,
805 2289 872 2333 Ti.
907 2289 1089 2334 Claudio
1119 2287 1313 2340 Iuliano)
1345 2287 1396 2331 L.
1430 2287 1694 2331 Commodus
1717 2287 1858 2331 Verus
1873 2320 1884 2341 ,
1925 2287 2036 2331 alter

553 2347 672 2392 filius
704 2348 936 2406 adoptatus
966 2349 1202 2406 principis,
1244 2347 1314 2392 14.
1347 2347 1461 2391 vitae
1492 2359 1605 2390 anno
1637 2346 1836 2390 absoluto
1866 2346 2035 2390 virilem

235 2449 237 2451 .
553 2410 702 2465 togam
731 2409 904 2465 accipit.

107 2463 191 2508 146
253 2462 340 2509 899
435 2464 462 2510 9
525 2465 626 2511 Cos.
656 2467 757 2510 Sex.
788 2468 971 2510 Erucius
1005 2466 1153 2509 Clarus
1182 2466 1257 2518 II,
1298 2464 1377 2509 Cn.
1411 2463 1619 2508 Claudius
1651 2462 1876 2511 Severus.)
1935 2463 2035 2507 Phi-

554 2526 764 2582 losophus
796 2526 1048 2583 agnoscitur
1079 2525 1291 2568 Maximus
1327 2523 1488 2580 Tyrius.
1540 2522 1746 2567 Nascitur
1775 2522 1803 2566 3
1835 2522 1897 2566 Id.
1929 2522 2034 2579 Apr.

555 2585 759 2638 Severus,
790 2585 867 2641 qui
894 2586 1049 2642 postea
1078 2583 1321 2640 imperavit,
1352 2581 1483 2639 Lepti
1512 2580 1559 2625 in
1589 2580 1753 2625 Africa.

105 2639 188 2684 147
251 2639 339 2687 900
400 2642 456 2688 10
517 2642 618 2688 Cos.
652 2643 700 2688 C.
732 2643 875 2687 Annio
906 2643 1064 2701 Largo,
1098 2642 1148 2686 C.
1179 2642 1382 2686 Prastina
1411 2641 1574 2685 Pacato
1605 2639 1840 2684 Messalino
1862 2639 2034 2683 Marcus

557 2702 733 2756 Caesar,
764 2701 900 2747 filiola
929 2705 1083 2746 auctus
1114 2700 1299 2754 Lucilla,
1331 2713 1441 2756 quae
1473 2701 1627 2757 postea
1657 2699 1706 2742 L.
1724 2698 1839 2743 Vero
1872 2699 2035 2756 nupsit,

556 2761 790 2805 tribunicia
825 2763 1042 2818 potestate
1081 2762 1124 2804 et
1153 2760 1256 2817 imp.
1286 2758 1588 2816 proconsulari
1617 2761 1795 2802 ornatur
1836 2761 1879 2801 et
1909 2758 2035 2815 quasi

555 2819 596 2864 le
633 2820 777 2864 ‘timus
814 2820 1085 2877 principatus
1130 2818 1257 2863 heres
1302 2817 1558 2862 ostenditur.
1635 2816 1748 2860 Ludi
1787 2817 2034 2860 saeculares

557 2833 852 2933 ceffebrantur,
903 2891 988 2936 quo
1027 2878 1161 2922 ferme
1209 2880 1403 2935 tempore
1441 2877 1659 2933 Appianas
1697 2875 2034 2929 Alexandrinus,

23 2955 26 2958 ’
556 2940 811 2994 procurator
839 2936 1046 2995 Aegypti,
1077 2938 1271 2981 historias
1302 2949 1404 2981 suas
1438 2935 1540 2980 edit.

108 2992 193 3039 148
255 2994 338 3040 901
407 2995 458 3040 11
526 2995 628 3041 Cos.
661 2996 882 3067 Torquato
921 3000 966 3041 et
995 2996 1144 3042 Salvio
1174 2995 1343 3040 Iuliano
1374 2995 1513 3039 Mauri
1549 2993 1735 3038 rebelles
1767 2992 1822 3037 ad
1852 2992 2036 3038 deditio·

28 3107 30 3110 ’
108 3109 193 3156 149
253 3111 339 3157 902
403 3112 456 3156 12
520 3056 934 3172 cssifnsssffffgsffiffi‘
962 3113 1138 3168 Orfitus,
1171 3112 1222 3167 Q.
1253 3111 1423 3156 Nonius
1453 3085 1647 3156 Priscus.

109 3169 195 3215 150
254 3170 342 3216 903
404 3171 460 3217 13
522 3170 623 3218 Cos.
657 3172 923 3227 Gallicanus,
954 3172 1171 3217 Antistius
1194 3172 1346 3216 Vetus.

110 3229 191 3274 151
257 3230 344 3276 904
407 3230 463 3276 14
525 3230 624 3276 Cos.
658 3230 763 3278 Sex.
794 3231 1030 3286 Quintilius
1053 3231 1303 3276 Condiauus
1335 3232 1411 3274 aut
1431 3227 1693 3281 Gordianus,
1726 3225 1828 3271 Sex.
1852 3224 2033 3279 Quintil.

561 3290 791 3346 Maximus,
820 3291 976 3336 fratres
1008 3290 1242 3335 concordia
1271 3287 1440 3334 nobiles
1462 3301 1487 3333 e
1509 3287 1680 3333 Troade
1713 3284 1898 3331 oriundi.
1930 3283 2034 3338 (Ca-

563 3350 684 3394 saub.
717 3349 773 3395 ad
801 3349 973 3408 Lampr.
1006 3348 1229 3395 Commod.
1262 3360 1300 3392 c.
1321 3346 1384 3402 4.)

114 3403 196 3450 152
259 3404 345 3451 905
408 3406 462 3453 15
525 3406 626 3453 Cos.
656 3404 725 3453 Μ’.
755 3408 924 3455 Acilius
956 3407 1149 3474 Glabrio,
1179 3407 1235 3452 Μ.
1256 3405 1458 3452 Valerius
1488 3404 1731 3449 Homullus.

14 3492 18 3500 ·
114 3462 197 3509 153
258 3463 344 3509 906
408 3465 462 3511 16
524 3465 625 3511 Cos.
658 3466 706 3511 C.
738 3467 935 3512 Bruttius
968 3467 1203 3521 Praesens,
1240 3464 1294 3511 A.
1324 3465 1477 3511 Iunius
1509 3462 1727 3514 Rufinus.)
1789 3461 1940 3505 Annus
1971 3460 2035 3505 in-

563 3526 731 3571 cendiis
769 3527 995 3582 Narbone,
1033 3525 1314 3579 Antiochiae,
1354 3523 1616 3580 Carthagine
1647 3522 1774 3566 factis
1816 3520 2036 3574 notabilis,

1702 3596 1753 3634 11

105 1403 189 1448 142
251 1403 338 1449 895

105 1463 190 1508 143
250 1462 337 1508 896

427 1403 456 1507 ΦΦῚ

5 2211 8 2224 v
6 2159 14 2190 ..v
6 2007 18 2106 -ae--Q
8 1954 20 1985 Ἴ
6 1708 16 1922 *stu-v..
8 1627 12 1683 ...μ
9 1559 13 1573 v
