2392 4016
408 137 490 181 112

407 294 435 316 a.
446 283 529 316 Chr.

465 858 519 900 77

466 1501 521 1545 76

464 2087 520 2131 75

467 3090 522 3133 74

613 1091 666 1128 23

583 1148 696 1186 Caes.

611 1856 660 1894 31

589 1912 674 1951 Cic.
695 1918 697 1920 '

1175 138 1352 179 Annales
1383 139 1553 179 Romani

800 327 885 384 alp.
917 327 1186 384 provinciam
1218 341 1341 371 suam
1372 328 1590 384 profectus
1623 330 1782 374 bellum
1813 331 2013 374 minatur.
2068 331 2116 384 Q.
2146 332 2324 375 Catulus

800 399 890 430 cos.
924 387 1066 443 legem
1096 387 1149 430 de
1181 387 1224 430 vi
1255 387 1350 430 fert.

856 445 908 488 In
946 446 1073 502 Hisp.
1119 446 1324 488 ulteriore
1365 444 1414 497 Q.
1453 446 1652 490 Metellus
1701 450 1852 490 contra
1891 448 2128 491 Sertorium
2167 449 2327 491 bellum

798 505 925 560 gerit,
957 505 1004 547 in
1035 505 1233 547 citeriore
1265 505 1314 547 L.
1346 504 1563 548 Domitius
1595 505 1648 548 ab
1669 505 1899 560 Hirtuleio,
1932 507 2040 550 duce
2064 508 2326 560 Sertoriano,

796 564 996 606 vincitur.
1058 563 1233 606 Siciliae
1275 565 1448 619 praeest
1489 562 1538 607 C.
1571 564 1769 608 Metellus
1801 565 1974 621 Augur,
2016 566 2064 608 L.
2101 564 2326 609 Cornelius

739 673 741 675 ³
800 621 988 665 Sisenna
1018 635 1082 677 pr.
1114 623 1205 666 urb.
1239 626 1283 665 et
1313 635 1483 679 peregr.

857 681 905 723 P.
947 681 1157 724 Servilius
1203 682 1444 738 praedones
1485 693 1716 737 eorumque
1754 685 2002 739 receptores
2041 684 2327 738 persequitur.

796 738 1038 841 ffihCiicaetro
1068 739 1211 783 Rhodi
1241 739 1471 796 Apollonio
1502 740 1665 783 Moloni
1704 743 1748 784 et
1777 742 2012 784 Posidonio
2046 742 2196 784 Stoico
2228 755 2328 797 ope-

602 857 687 900 677
751 856 851 899 Cos.
882 858 941 899 D.
973 858 1117 899 Iunius
1136 857 1311 910 Brutus,
1343 858 1472 899 Mam.
1494 858 1692 900 Aemilius
1713 859 1900 913 Lepidus
1920 859 2139 911 Livianus,
2180 871 2234 900 ex
2264 859 2327 901 in·
2369 900 2375 905 ,

798 918 1013 971 terregno.
1068 915 1118 958 L.
1135 915 1351 962 Lucullus
1382 919 1570 972 praetor,
1601 929 1656 959 ex
1685 921 1888 973 praetura
1907 917 2097 959 Africam
2118 930 2236 973 prov.
2260 931 2329 960 ac-

799 974 939 1029 cipit.)
979 973 1078 1016 Cos.
1101 974 1271 1017 Italiam
1290 977 1480 1028 tuentur,
1511 978 1556 1018 at
1574 975 1631 1018 M.
1652 975 1865 1032 Lepidum
1886 976 2066 1018 Romam
2088 989 2186 1018 cum
2208 989 2328 1019 exer-

799 1032 889 1073 citu
918 1034 1157 1087 petentem,
1202 1032 1252 1083 Q.
1285 1031 1465 1076 Catulus
1503 1045 1675 1089 procos.
1706 1034 1762 1077 ad
1790 1037 1966 1103 pontem
1996 1035 2202 1077 Mulvium
2232 1047 2330 1090 pro-

803 1089 940 1146 fligat,
970 1091 1148 1143 iterum,
1188 1091 1392 1133 adiuncto
1426 1090 1505 1134 Cn.
1535 1091 1764 1147 Pompeio,
1801 1095 1848 1135 in
1877 1093 2052 1136 Etruria
2091 1095 2250 1136 victum
2283 1094 2329 1136 in

797 1148 1040 1192 Sardiniam
1071 1149 1220 1205 fugere
1242 1150 1375 1205 cogit,
1405 1149 1481 1193 ubi
1501 1162 1599 1192 cum
1619 1153 1814 1194 mortuus
1836 1155 1967 1204 esset,
2000 1154 2217 1195 exercitus
2242 1153 2327 1195 dis-

798 1221 968 1263 persus,
1010 1209 1167 1264 partim
1199 1221 1296 1251 cum
1326 1209 1381 1250 Μ.
1413 1208 1631 1264 Perperna
1659 1210 1705 1252 in
1734 1209 1859 1265 Hisp.
1892 1211 2068 1266 navigat
2100 1211 2154 1253 ad
2185 1211 2330 1254 Serto-

796 1267 920 1309 rium.
986 1266 1171 1310 Galliam
1200 1267 1407 1323 transalp.
1447 1268 1608 1323 accipit
1643 1267 1693 1310 L.
1725 1269 1924 1312 Manlius.
1992 1270 2057 1312 De
2089 1270 2328 1312 Thracibus

798 1325 1034 1381 triumphat
1064 1340 1100 1368 a.
1134 1327 1298 1369 ineunt.
1340 1326 1418 1369 Cn.
1452 1326 1679 1370 Cornelius
1711 1328 1956 1381 Dolabella,
1996 1331 2225 1371 accusatus
2265 1342 2331 1371 re-

798 1385 1085 1439 petundarum
1116 1399 1141 1427 a
1173 1384 1220 1428 0.
1254 1384 1441 1429 Caesare
1472 1385 1771 1429 adolescente.
1805 1387 1876 1430 cui
1907 1399 2136 1430 successor
2166 1388 2211 1430 in
2243 1388 2330 1430 Ma-

801 1443 1027 1486 cedoniam
1057 1444 1217 1487 missus
1250 1447 1318 1487 est
1346 1443 1428 1500 Ap.
1462 1443 1684 1488 Claudius.

605 1502 690 1545 678
752 1501 852 1576 Cos.
891 1503 960 1544 Cn.
999 1503 1204 1556 Octavius,
1243 1504 1285 1545 C.
1318 1503 1558 1545 Scribonius
1593 1503 1754 1554 Curio.)
1805 1504 1874 1547 Ex
1905 1517 1994 1547 cos.
2028 1504 2158 1547 Curio
2189 1505 2331 1547 Mace·

801 1561 973 1604 doniam
1004 1574 1125 1617 prov.
1156 1553 1444 1614 nanciscitur,
1487 1561 1566 1605 Cn.
1599 1563 1804 1606 Octavius
1837 1562 2035 1606 Galliam.
2097 1564 2147 1606 In
2178 1563 2328 1606 Asiam

800 1620 997 1663 succedit
1036 1620 1239 1663 Terentio
1269 1595 1455 1664 Varron'i
1493 1621 1543 1663 L.
1582 1621 1734 1673 Iunius
1776 1622 1951 1665 Silanus
1992 1635 2171 1677 eamque
2210 1636 2329 1677 prov.

798 1691 876 1733 per
914 1679 1136 1721 biennium
1175 1680 1354 1722 obtinet.
1422 1680 1655 1735 Pompeius
1693 1681 1810 1724 victo
1850 1683 1894 1723 et
1924 1681 2070 1724 occiso
2108 1682 2155 1723 in
2188 1681 2331 1724 Gallia

801 1737 951 1805 cisalp.
982 1738 1038 1779 M.
1057 1737 1209 1790 Bruto,
1239 1738 1396 1794 Lepidi
1424 1739 1583 1793 legato,
1614 1739 1739 1782 hoste
1768 1739 1973 1792 iudicato,
2004 1752 2147 1795 propr.
2179 1741 2225 1782 in
2254 1740 2330 1782 Hi-

799 1797 994 1864 spaniam
1032 1797 1104 1839 cit.
1142 1797 1240 1839 loco
1271 1796 1323 1848 Q.
1357 1796 1515 1840 Calidii
1553 1797 1739 1840 mittitur
1775 1799 1871 1853 pari
1910 1811 2009 1841 cum
2038 1799 2211 1841 Metello
2252 1799 2330 1840 1111-

799 1855 942 1910 perio,
982 1855 1061 1898 sed
1100 1855 1155 1897 ad
1193 1855 1438 1898 Lauronem
1476 1870 1502 1898 a
1530 1856 1715 1899 Sertorio
1755 1859 1938 1900 vexatus
1978 1858 2023 1899 111
2061 1857 2240 1900 hiberna
2277 1858 2331 1900 ad

795 1914 1043 1969 Pyrenaeos
1075 1902 1243 1957 montes
1276 1915 1488 1958 concedit.

856 1972 934 2016 011.
975 1973 1166 2016 Sicinius
1208 1976 1261 2016 tr.
1303 1974 1378 2030 pl.
1403 1973 1565 2017 frustra
1603 1974 1656 2017 de
1697 1974 1910 2030 dignitate
1949 1975 2217 2017 tribunorum
2257 1988 2330 2017 au·

797 2033 939 2086 genda
968 2033 1071 2088 agit.

603 2087 687 2131 679
750 2088 849 2133 Cos.
882 2092 937 2133 L.
975 2092 1181 2144 Octavius,
1218 2092 1262 2133 0.
1293 2092 1488 2133 Aurelius
1523 2092 1654 2133 Cotta.
1704 2091 1846 2134 Praet.
1881 2090 1928 2134 C.
1951 2091 2146 2134 Licinius
2179 2091 2330 2135 Sacer·

799 2149 890 2202 dos,
923 2150 978 2192 M.
1013 2149 1233 2201 Caesius.)
1306 2149 1510 2193 Tribunis
1549 2151 1647 2206 lege
1678 2150 1856 2193 Aurelia
1892 2163 1981 2193 cos.
2021 2151 2089 2193 ius
2120 2151 2330 2193 honorum

797 2208 1080 2263 petendorum
1118 2209 1375 2251 restituitur.
1445 2209 1699 2264 Bithynia,
1719 2222 1746 2250 a
1782 2222 1884 2265 rege
1920 2209 2157 2252 Nicomede
2198 2213 2330 2253 testa-

800 2269 948 2309 mento
965 2280 1064 2322 pop.
1085 2267 1207 2310 Rom.
1231 2267 1402 2319 donata,
1434 2281 1471 2309 a.
1493 2267 1633 2323 inseq.
1648 2268 1695 2310 in
1711 2268 1958 2322 provinciae
1976 2267 2202 2315 formulam
2218 2269 2329 2311 redi-

800 2326 917 2379 gitur
947 2329 1075 2381 atque
1107 2340 1194 2368 una
1225 2326 1501 2369 cum-Cilicia
1521 2326 1571 2368 L.
1595 2327 1774 2369 Octavio
1797 2339 1886 2369 cos.
1909 2326 2106 2368 traditur.
2159 2328 2206 2369 P.
2231 2328 2329 2370 Ser-

796 2385 926 2428 vilius
957 2387 1187 2440 postquam
1217 2385 1380 2428 Isauris
1413 2385 1587 2428 domitis
1625 2387 1670 2428 et
1698 2385 2228 2441 PhaselideOlympoque
2261 2400 2329 2428 ur-

796 2443 924 2486 bibus
957 2444 1216 2499 expugnatis
1242 2444 1428 2486 Ciliciam
1466 2443 1664 2487 adiunxit
1693 2444 1890 2499 imperio,
1920 2444 2150 2500 magnifice
2181 2446 2329 2487 trium-

797 2503 914 2557 phat.
987 2503 1166 2558 Cyrenae
1194 2503 1418 2558 provincia
1454 2502 1577 2545 Rom.
1617 2502 1668 2545 fit
1707 2506 1751 2545 et
1781 2503 1829 2544 P.
1861 2502 2046 2546 Lentulo
2077 2504 2328 2546 Marcellino

798 2562 1017 2616 quaestori
1046 2574 1190 2616 propr.
1220 2561 1418 2604 traditur.
1492 2560 1540 2604 0.
1575 2561 1704 2604 Curio
1735 2573 1906 2617 procos.
1938 2562 2186 2614 Dardanos,
2225 2563 2329 2604 vici-

798 2633 897 2662 nam
926 2620 1203 2662 Macedoniae
1234 2622 1429 2676 gentem,
1469 2620 1626 2663 domat.
1698 2619 1745 2663 0.
1779 2619 1908 2663 Cotta
1946 2633 2035 2663 cos.
2067 2621 2236 2663 Italiam
2266 2624 2329 2663 te-

798 2691 907 2722 nens
941 2692 996 2721 ex
1028 2678 1166 2722 Gallis
1200 2693 1237 2721 a.
1268 2679 1408 2734 inseq.
1440 2679 1704 2734 triumphum
1733 2679 1913 2734 quaerit.

856 2737 907 2779 In
936 2738 1061 2792 Hisp.
1085 2738 1302 2781 Sertorius
1327 2737 1554 2794 Calagurri
1584 2739 1790 2781 obsessus
1826 2738 2023 2793 erumpit,
2057 2738 2105 2789 Q.
2129 2738 2327 2780 Metellus

798 2795 844 2837 in
868 2795 1108 2849 Lusitania,
1142 2795 1220 2840 Cn.
1242 2797 1392 2852 Pomp.
1424 2797 1470 2839 in
1503 2797 1702 2839 citeriore
1732 2809 1852 2852 prov.
1874 2797 2084 2850 hibernat,
2117 2810 2200 2852 quo
2222 2800 2328 2839 tem-

797 2866 902 2909 pore
933 2855 1203 2898 Mithridates
1235 2855 1341 2898 belli
1369 2855 1606 2898 renovandi
1638 2856 1821 2899 consilia
1851 2856 2037 2911 agitans,
2075 2856 2328 2900 societatem

717 2965 722 2974 ,
799 2925 898 2955 cum
926 2914 1183 2969 proscriptis
1215 2915 1383 2957 civibus
1415 2914 1538 2956 Rom.
1570 2914 1687 2957 facit.

859 2971 908 3023 Q.
940 2972 1199 3015 Hortensius
1233 2972 1325 3015 aed.
1357 2984 1463 3025 cur„
1493 2972 1548 3014 M.
1582 2972 1736 3015 Cicero
1764 2973 1811 3014 in
1843 2972 1995 3016 Sicilia
2024 2974 2227 3027 quaestor
2257 2971 2328 3014 Li-

798 3030 1056 3085 lybaetanus
1087 3033 1223 3086 praet.
1257 3031 1359 3074 Sex.
1389 3031 1631 3073 Peducaeo.

605 3088 692 3134 680
753 3088 852 3133 Cos.
884 3090 938 3132 L.
970 3090 1160 3132 Licinius
1189 3090 1243 3132 L.
1264 3091 1309 3144 f.
1339 3087 1412 3142 (cf.
1445 3103 1482 3131 a.
1510 3087 1613 3142 102)
1645 3089 1858 3140 Lucullus,
1890 3089 1953 3130 M.
1976 3089 2169 3130 Aurelius
2195 3088 2326 3130 Cotta.

746 3188 752 3199 ,
800 3149 942 3191 Praet.
974 3149 1066 3192 urb.
1091 3148 1139 3191 0.
1162 3148 1335 3201 Verres,
1366 3161 1532 3204 peregr.
1564 3148 1614 3190 L.
1637 3148 1755 3200 Piso,
1787 3148 1886 3190 trib.
1918 3147 1978 3203 pl.
2008 3147 2057 3189 L.
2084 3147 2326 3199 Quinctius,

799 3207 1027 3262 Oppianici
1056 3205 1297 3263 patronus.)
1349 3206 1449 3250 Cos.
1480 3207 1530 3249 L.
1552 3206 1761 3250 Lucullus
1782 3206 1966 3255 Italiam,
1997 3206 2052 3248 M.
2077 3205 2204 3249 Cotta
2227 3205 2326 3248 Gal-

796 3266 899 3308 liam
925 3266 1132 3322 transalp.
1164 3279 1285 3323 prov.
1317 3266 1557 3321 accipiunt,
1598 3265 1677 3308 sed
1707 3277 1805 3308 cum
1833 3265 2103 3308 Mithridates
2135 3277 2232 3306 cum
2262 3265 2327 3306 in-

797 3325 998 3380 gentibus
1029 3326 1166 3380 copiis
1196 3325 1242 3368 in
1262 3323 1413 3368 Asiam
1443 3337 1490 3367 se
1519 3323 1770 3377 effunderet,
1800 3323 1846 3366 id
1872 3324 2047 3375 bellum,
2078 3323 2127 3365 L.
2147 3323 2325 3366 Octavio

799 3384 846 3426 in
877 3383 1032 3426 Cilicia
1061 3386 1252 3437 mortuo,
1292 3384 1544 3427 consulibus
1575 3383 1843 3436 decernitur,
1881 3385 1929 3425 ut
1957 3381 2165 3424 Lucullus
2197 3384 2326 3433 terra,

797 3442 852 3487 M.
887 3441 1014 3485 Cotta
1043 3444 1151 3486 mari
1180 3445 1362 3500 gereret.
1415 3442 1587 3486 Cottam
1616 3441 1885 3484 Mithridates
1917 3440 2030 3496 apud
2053 3439 2326 3482 Chalcedona
