2392 4016
570 169 622 213 ab
653 183 759 213 anno
789 184 831 224 p.
855 168 951 212 Chr.
973 172 1035 213 86
1061 181 1190 223 usquo
1220 168 1274 211 ad
1305 183 1456 213 annum
1478 170 1549 213 48.
1955 169 2039 219 145

34 125 40 164 ἕ

32 228 43 274 ὶι

20 268 42 360 ᾗ
98 320 196 362 p.0.
255 328 339 354 u.c.
401 320 489 364 imp.

30 363 41 413 ‚⁰
143 391 145 393 >
292 395 294 397 -
425 375 430 378 ·
557 364 884 408 coniurationes
914 364 1069 418 initas,
1098 363 1155 407 M.
1188 362 1381 420 Lepidus
1412 362 1693 417 interficitur,
1733 375 1906 408 sorores
1939 362 2040 407 Gaii

32 428 38 443 '
555 423 668 467 Iulia
697 426 742 466 et
762 423 1006 481 Agrippina
1026 423 1207 468 Pontias
1238 422 1500 479 relegantur.
1548 422 1775 466 Occiditur
1805 423 1935 465 etiam
1957 421 2039 466 Cn.

553 482 766 526 Lentulus
810 481 1087 536 Gaetulicus,
1135 481 1396 526 Germaniae
1441 493 1538 537 sup.
1581 494 1659 537 per
1703 482 1854 525 decem
1901 494 2040 525 annos

557 543 724 594 rector,
765 541 838 585 cui
869 541 1068 585 succedit
1097 539 1192 585 Ser.
1223 539 1449 597 Sulpicius
1473 539 1625 583 Galba.
1687 540 1834 583 ludaei
1856 541 2038 596 impera·

558 604 695 644 torem
729 600 889 644 divinis
921 601 1157 644 honoribus
1189 598 1364 644 afficere
1396 599 1564 652 nolunt,
1595 611 1728 655 quare
1759 600 1895 642 iratus
1925 600 2042 655 prin-

558 672 664 716 ceps
687 659 886 713 Vitellio,
909 659 1064 716 Syriae
1086 658 1302 715 praeside,
1325 654 1529 702 rev'ocato
1548 657 1683 700 mittit
1706 657 1753 700 P.
1778 658 2040 701 Petronium.

130 721 191 765 40
252 720 339 764 793
413 720 443 763 4
521 717 762 762 Consulatu
802 719 932 762 tertio
971 718 1068 761 sine
1099 718 1271 774 collega
1301 716 1508 774 Lugduni
1536 717 1645 760 inito
1686 716 1809 767 (suff.
1843 720 1946 759 sunt
1976 717 2039 759 Id.

555 778 645 821 Ian.
669 777 838 821 Gellius
860 777 1099 833 Poplicola,
1133 775 1347 820 Cocceius
1379 775 1567 830 Nerva),
1601 775 1737 820 Gaius
1770 788 1967 819 sororum
1997 780 2042 819 et

285 839 290 849 ¹
555 837 717 880 veteris
753 836 879 880 aulae
910 847 1038 879 omne
1068 835 1405 884 instrumentum
1438 835 1577 878 Roma
1607 835 1836 878 advectum
1867 834 2043 891 publica

557 896 760 940 auctione
790 894 1005 948 divendit,
1044 894 1267 951 ingentem
1298 907 1395 938 eam
1425 894 1655 952 pecuniam
1688 895 1733 936 in
1764 894 2042 950 expeditione

349 955 351 958 ⁴
559 959 713 999 contra
733 953 969 999 Britannos
1002 954 1235 1008 consumit,
1266 966 1354 1010 qua
1385 954 1492 997 nihil
1523 953 1641 996 aliud
1661 966 1790 1009 quam
1813 954 2044 1010 conchylia

16 1019 38 1257 ξ
557 1015 603 1057 in
626 1013 785 1059 Gallici
815 1014 949 1056 maris
980 1013 1127 1056 littore
1155 1016 1377 1069 tamquam
1408 1013 1549 1069 spolia
1577 1012 1728 1068 colligi
1759 1012 1893 1056 iubet.
1946 1011 2042 1064 Quo

3 1114 9 1131 ,
559 1073 674 1117 facto
707 1073 889 1116 Romam
926 1085 991 1128 pr.
1025 1071 1118 1116 Cal.
1151 1072 1272 1128 Sept.
1307 1084 1441 1115 ovans
1479 1072 1616 1125 redit,
1657 1084 1791 1127 seque
1824 1075 2042 1128 tamquam

5 1135 9 1167 ¹,
557 1132 687 1176 deum
720 1132 809 1175 coli
839 1131 946 1184 vult,
986 1131 1155 1188 aliaque
1187 1143 1374 1175 vesanae
1414 1131 1574 1175 mentis
1606 1131 1761 1174 deliria
1789 1143 1918 1186 quam
1949 1131 2042 1187 plu-

558 1192 668 1235 rima
697 1190 803 1235 edit.
856 1190 1115 1234 Mauritania
1149 1191 1379 1248 provincia
1408 1190 1651 1234 instituitur
1683 1190 1790 1233 Iuba
1828 1203 1931 1244 rege
1971 1202 2039 1233 oc·

5 1284 8 1301 ,
560 1251 667 1295 ciso.
729 1250 940 1294 Nascitur
971 1250 1135 1293 Romae
1169 1259 1223 1292 ιιι
1257 1249 1350 1293 Cal.
1381 1249 1471 1293 Ian.
1504 1248 1648 1301 Titus,
1679 1252 1833 1305 postea
1861 1249 2014 1304 imper.

4 1308 8 1316 ’
133 1310 188 1354 41
253 1309 341 1354 794
417 1309 444 1354 5
522 1310 623 1355 Cos.
648 1310 697 1354 C.
730 1309 894 1353 Caesar
919 1308 984 1352 «IV
1016 1308 1140 1362 (suff.
1174 1317 1241 1351 vu
1278 1309 1338 1352 ld.
1371 1309 1462 1352 Ian.
1496 1307 1547 1361 Q.
1580 1308 1848 1364 Pomponius
1879 1308 2044 1351 Secun-

562 1369 660 1422 dus,
679 1368 1004 1425 'tragoediarum
1025 1367 1244 1424 scriptor),
1277 1367 1355 1411 Cn.
1379 1366 1558 1411 Sentius
1580 1365 1875 1417 Saturninus.)
1928 1366 2044 1409 Tan-

559 1429 664 1471 dem
698 1437 752 1470 nx
785 1427 877 1471 Cal.
908 1427 1036 1470 Febr.
1077 1427 1234 1470 aetatis
1274 1439 1313 1470 a.
1343 1426 1402 1470 29
1440 1427 1565 1469 iuxta
1592 1426 1808 1469 theatrum
1840 1438 1867 1467 a
1900 1425 2045 1467 Cassio

568 1487 766 1540 Chaerea,
787 1487 887 1529 trib.
909 1486 999 1529 mil.
1021 1488 1223 1542 praetor„
1254 1486 1348 1529 viro
1378 1486 1581 1541 antiquae
1610 1485 1800 1527 libertati
1828 1484 2046 1536 studente,

562 1547 747 1602 aliisque
768 1546 1009 1589 coniuratis
1031 1545 1259 1588 occiditur.
1291 1545 1587 1588 Veruntamen
1602 1543 1899 1587 restituendae
1919 1543 2046 1586 liber-

462 1606 482 1649 1
561 1605 666 1649 tatis
716 1604 902 1648 consilia
935 1604 1059 1647 irrita
1095 1604 1370 1656 ceciderunt,
1415 1617 1515 1647 cum
1555 1604 1676 1645 TIB.
1715 1602 2046 1654 CLAUDIUS,

561 1664 696 1708 Drusi
724 1662 856 1717 filius,
867 1662 1142 1707 *Germanici
1171 1662 1306 1706 frater
1334 1663 1488 1716 minor,
1520 1676 1547 1705 a
1576 1663 1864 1719 praetorianis
1900 1662 2047 1705 militi-

561 1725 643 1767 bus
683 1737 738 1766 ex
779 1723 958 1766 latebris
997 1725 1267 1779 protractus,
1315 1735 1452 1779 remp.
1484 1724 1749 1777 capesseret.
1819 1721 1863 1764 Is
1902 1720 2047 1764 mode-

368 1802 371 1806 ·
404 1789 456 1824 tr.
555 1786 650 1841 rate
689 1786 734 1826 et
769 1781 983 1826 industrie
1029 1794 1159 1838 agere
1199 1781 1368 1837 coepit,
1418 1781 1748 1838 magistratibus
1790 1793 1841 1823 ac
1871 1780 2047 1823 iudiciis

382 1849 470 1894 pot.
560 1855 686 1886 suum
716 1841 925 1885 honorem
954 1841 1343 1896 auctoritatemque
1372 1840 1578 1893 restituit,
1609 1839 1761 1883 exules
1791 1840 2048 1882 innocentes

409 1906 426 1941 1
560 1903 758 1954 revocat,
797 1900 843 1943 in
873 1900 1032 1956 quibus
1073 1899 1316 1957 Agrippina
1354 1890 1414 1943 et'
1438 1899 1562 1943 Iulia.
1637 1898 1726 1942 Sed
1756 1899 1901 1942 hebeti
1932 1899 2049 1954 prin-

564 1961 675 2018 cipis
705 1960 883 2016 ingenio
914 1959 1059 2002 liberti
1090 1957 1367 2013 (Narcissus,
1398 1958 1559 2011 Pallas,
1593 1957 1827 2011 Callistus)
1858 1961 1903 2000 et
1932 1958 2044 2000 Mes-

562 2021 700 2063 salina
739 2031 849 2062 uxor
880 2018 1014 2074 (quae
1054 2019 1197 2075 neptis
1235 2016 1319 2062 fuit
1348 2018 1599 2069 Messallae,
1639 2030 1729 2060 cos.
1763 2030 1801 2060 a.
1833 2016 1944 2068 742)
1976 2017 2067 2074 τιδὴ

538 2081 764 2131 ,ιιιιιῐιῐιιῃ
806 2078 934 2121 huius
973 2090 1106 2134 opera
1142 2077 1254 2121 Iulia
1288 2077 1446 2120 iterum
1474 2077 1730 2134 expellitur,
1766 2080 1811 2119 et
1848 2090 1935 2119 una
1961 2077 2050 2119 An-

565 2150 699 2182 naeus
732 2137 916 2181 Seneca.

623 2197 675 2240 In
707 2195 942 2240 Germania
980 2195 1074 2238 Ser.
1108 2194 1332 2251 Sulpicius
1365 2193 1506 2238 Galba
1535 2193 1712 2247 Cattos,
1755 2194 1806 2236 A.
1839 2192 2048 2237 Claudius

566 2255 779 2301 Gabinius
810 2253 1062 2307 Secundus,
1095 2266 1328 2297 successor
1358 2253 1410 2296 L.
1432 2253 1617 2310 Apronii
1655 2255 1699 2296 in
1733 2252 1878 2296 Germ.
1910 2252 2049 2304 infer„

566 2315 764 2360 Chaucos
795 2314 935 2358 vincit
965 2325 1211 2370 nomenque
1234 2312 1415 2357 Chaucii
1447 2316 1597 2365 meret,
1631 2314 1675 2356 in
1698 2312 1845 2355 Africa
1867 2312 1916 2355 C.
1941 2311 2049 2355 Sue-

563 2376 710 2419 tonius
748 2373 975 2417 Paullinus
1006 2373 1180 2416 Mauros
1210 2372 1488 2415 rebellantes.
1549 2373 1766 2427 Aqrippae
1796 2372 1890 2427 regi
1922 2370 2050 2414 Clau-

496 2450 500 2455 ’
564 2435 664 2478 dius
686 2433 891 2476 Iudaeam
922 2435 967 2475 et
987 2432 1228 2475 Samariam
1249 2432 1456 2484 restituit,
1489 2434 1538 2473 ut
1567 2431 1682 2474 idem
1705 2443 1903 2486 regnum,
1934 2430 2052 2485 quod

568 2506 675 2536 avus
696 2492 909 2545 Herodes,
939 2490 1189 2535 obtinuerit.
1251 2490 1417 2532 Herodi
1445 2489 1568 2532 fratri
1599 2490 1694 2532 eius
1717 2502 1899 2544 regnum
1924 2487 2050 2531 Chal·

467 2568 469 2570 ·
565 2553 677 2596 cidis
693 2552 781 2604 dat,
798 2549 1016 2595 Antiocho
1025 2549 1349 2604 Commagenen
1366 2562 1393 2590 a
1409 2546 1611 2604 Caligula
1627 2548 1871 2604 ademptam
1893 2547 2049 2599 reddit,

315 2625 317 2630 ·
566 2610 859 2655 Mithridatem
882 2609 1021 2653 Iberis
1046 2608 1242 2660 remittit,
1265 2607 1353 2651 Bos
1386 2619 1567 2651 oranum
1587 2607 1879 2651 Mithridatem
1904 2610 2049 2660 auget.

141 2673 199 2717 42
263 2671 350 2718 795
426 2673 454 2716 2
532 2671 633 2715 Cos.
666 2668 875 2713 Claudius
908 2667 1071 2711 Caesar
1103 2667 1144 2710 11
1186 2666 1310 2718 (suff.
1380 2666 1436 2709 al.
1467 2666 1592 2710 Mart.
1624 2665 1854 2709 Cornelius
1885 2664 2050 2721 Lupus,

565 2733 658 2774 tum
681 2728 919 2772 Suetonius
939 2725 1181 2777 Paullinus)
1205 2724 1255 2769 Ο.
1273 2724 1464 2769 Caecina
1483 2724 1689 2782 Largus.)
1731 2725 1937 2768 Nascitur
1949 2725 2050 2766 Bri-

570 2789 768 2840 tannim,
801 2790 850 2830 ut
877 2785 1070 2839 videtur,
1103 2784 1173 2829 20.
1198 2784 1288 2828 Ian.
1352 2784 1459 2828 Urbi
1487 2783 1738 2855 praeficitur
1770 2784 1818 2826 L.
1843 2783 2050 2826 Volusius

568 2847 844 2892 Saturninus.
907 2845 957 2889 In
988 2844 1162 2901 Syriam
1192 2843 1364 2900 legatus
1395 2843 1581 2887 mittitur
1611 2844 1660 2887 C.
1683 2843 1838 2887 Vibius
1859 2842 2050 2893 Marsus3

570 2907 616 2950 in
654 2905 801 2950 Germ.
838 2903 964 2948 infer.
1026 2903 1294 2960 Sanquinius
1325 2902 1554 2946 Maximus.
1607 2903 1872 2945 Mauritania
1913 2914 1939 2943 a
1970 2900 2050 2944 Cn.

181 2995 183 2997 >
572 2964 756 3009 Hosidio
787 2964 932 3021 legato
962 2963 1006 3007 in
1039 2962 1148 3006 duas
1168 2965 1317 3019 partes
1339 2961 1492 3015 divisa,
1525 2961 1805 3019 Tingitanum
1826 2963 1871 3003 et
1892 2959 2051 3003 Caesa-

0 2980 42 3317 ξ
572 3024 775 3077 denum,
806 3022 1024 3080 equitibus
1053 3021 1245 3078 regenda
1274 3021 1471 3064 traditur.
1528 3020 1618 3064 Sed
1648 3021 1693 3063 in
1716 3020 1819 3062 urbe
1842 3017 2051 3061 Claudius

573 3082 635 3126 Id.
659 3082 750 3126 Ian.
769 3091 892 3137 pater
908 3082 1075 3137 patr-iae
1095 3080 1350 3138 appellatur,
1381 3079 1463 3135 Ap.
1486 3077 1637 3122 Iunius
1658 3078 1851 3129 Silanus,
1882 3077 1948 3120 vir
1976 3088 2052 3119 no-

576 3141 831 3194 bilissimus,
860 3139 1121 3184 Messalinae
1153 3139 1319 3182 artibus
1349 3138 1625 3194 pervertitur,
1657 3148 1918 3193 quamquam
1949 3147 2052 3178 con-

572 3211 699 3244 socer
718 3198 890 3244 Claudii
920 3202 1033 3251 erat,
1065 3197 1190 3242 cuius
1221 3196 1353 3239 filiam
1385 3195 1608 3240 Octaviam
1642 3196 1725 3239 sibi
1758 3194 2053 3251 spoponderat

574 3258 716 3303 Silani
743 3257 861 3302 filius
891 3256 977 3310 (cf.
1012 3269 1079 3300 .n.
1105 3255 1210 3306 49»
1251 3254 1440 3312 plurium
1470 3255 1628 3299 caedes
1660 3259 1920 3310 sequuntur,
1953 3265 2053 3295 cum

575 3317 817 3361 coniuratio
838 3316 996 3360 Anneii
1018 3314 1235 3358 Viniciani
1262 3316 1308 3357 et
1329 3313 1392 3356 M.
1420 3312 1586 3357 Canius·
1604 3314 1887 3364 Scriboniani,
1919 3311 2054 3367 legati

576 3374 702 3420 Caes.
741 3376 788 3420 in
819 3374 1055 3427 Dalmatia,
1093 3372 1302 3417 fidelitate
1340 3372 1560 3429 legionum
1601 3371 1944 3416 l‘annouicarum
1977 3382 2053 3426 op-

575 3446 729 3492 pressa
757 3436 899 3479 essetz
948 3432 1072 3477 Paeti
1102 3443 1219 3475 mors
1258 3431 1506 3475 constantia
1534 3432 1687 3476 Arriae
1719 3429 1868 3473 uxoris
1900 3428 2054 3473 nobili-

576 3496 670 3538 tata
697 3496 779 3537 est.
840 3492 1002 3536 Portus
1035 3490 1254 3535 Ostiensis
1285 3502 1327 3534 m
1417 3501 1444 3534 o
1475 3494 1650 3547 sumptu
1682 3487 1947 3532 aedificatur.

117 3583 122 3589 ·
151 3557 211 3604 43
271 3555 359 3602 796
433 3554 462 3601 3
536 3552 720 3599 Claudio
742 3551 1003 3598 Germanico
1023 3550 1133 3608 Imp.
1154 3549 1233 3605 111,
1263 3545 1313 3594 L.
1376 3548 1514 3595 itellio
1534 3549 1578 3596 u
1608 3561 1700 3595 cos.
1724 3548 1913 3591 Ιίοιιιωια
1935 3561 2053 3589 arma

1635 3622 1688 3663 10
