2392 4016
592 136 645 178 ab
671 136 789 178 'anno
821 149 863 189 p.
882 134 979 178 Chr.
1010 138 1096 177 401
1127 148 1256 188 usque
1286 134 1340 177 ad
1370 149 1527 178 annum
1561 136 1663 178 411.
2032 126 2117 183 193

182 286 278 329 p.0.
359 294 435 320 u.c.
507 285 598 327 inp.

667 330 783 375 mine
822 330 1081 386 Anthcrnius,
1119 330 1368 389 praefectus
1406 331 1647 388 praetorio,
1701 330 1809 387 reip.
1849 342 1949 375 cum
1991 327 2119 373 laude

666 393 854 446 praeest.

729 447 1064 503 Constantinus,
1103 449 1239 494 misso
1272 446 1512 492 Constante
1543 445 1635 491 filio
1666 460 1769 501 suo,
1802 448 1932 492 etiam
1964 447 2121 504 Hispa-

669 508 786 551 niam
831 509 877 553 in
916 511 1179 566 potestatem
1223 506 1387 566 redigit
1423 518 1624 564 annoque
1662 508 1802 564 inseq.
1834 508 1888 551 ab
1927 506 2120 551 Honorio

669 567 841 625 collega
860 569 1110 613 assumitur.
1157 566 1330 611 Interea
1349 566 1546 611 Alaricus
1565 579 1644 624 per
1663 566 1871 611 Noricum
1894 566 1949 609 ad
1970 565 2121 610 Italiae

668 625 779 671 fines
803 626 986 681 accedit,
1018 630 1063 671 et
1091 629 1264 684 pactam
1295 626 1382 670 sibi
1409 638 1509 671 cum
1537 625 1779 671 Stilichone
1810 626 2038 682 pecuniam
2070 637 2121 668 ac

670 686 798 731 sedes
835 660 1041 744 postulat.
1112 684 1371 729 Exardescit
1412 684 1707 729 Romanorum
1753 684 1962 728 adversus
2001 684 2123 728 Seili-

670 746 863 790 chortem
850 759 929 799 ira,
960 746 1004 789 in
1026 757 1155 802 quem
1177 744 1310 801 vulgo
1342 744 1534 790 omnium
1555 744 1767 788 malorum
1790 743 1962 800 culpam
1983 747 2123 787 trans-

669 804 826 848 ferunt.
894 804 1106 848 Occiditur
1141 804 1237 860 ipse
1278 802 1512 847 Ravennae
1552 802 1692 860 (Aug.
1722 802 1841 856 23.,)
1881 802 1997 846 filius
2029 804 2123 846 eius

670 863 912 908 Eucherius
953 867 1149 907 extremo
1190 874 1318 906 anno.
1378 862 1612 907 Foederati
1650 863 1930 907 barbarorum
1962 862 2124 906 milites

670 923 726 966 ad
763 922 920 967 30000
955 922 1131 967 insidiis
1170 922 1298 980 petiti
1342 922 1514 979 sibique
1559 923 1766 967 timentes
1810 922 1866 966 ad
1902 922 2124 966 Alaricum

670 984 920 1026 transeunt·
951 983 991 1027 is
1024 981 1224 1026 delusum
1256 994 1304 1025 se
1336 981 1542 1028 dictitans
1564 981 1749 1026 Romam
1779 994 1918 1038 usque
1949 994 2126 1038 progre-

671 1041 809 1095 ditur,
842 1055 982 1099 neque
1013 1042 1067 1086 ab
1099 1054 1152 1084 ea
1182 1041 1269 1085 nisi
1299 1040 1455 1098 grandi
1484 1042 1672 1098 pecunia
1701 1045 1883 1098 accepta
1913 1040 2126 1085 abscedit.

184 1104 273 1196 409
338 1103 451 1148 1162
517 1101 570 1146 15
634 1100 735 1146 Cos.
767 1075 911 1159 A'ugg.
942 1101 1136 1145 Honorio
1169 1100 1276 1144 VIII
1314 1103 1360 1143 et
1399 1100 1647 1145 Theodosio
1687 1101 1751 1144 111
1783 1101 1984 1145 Alaricus
2027 1112 2126 1144 cum

524 1175 551 1220 2
671 1160 835 1205 frustra
872 1162 926 1205 ab
964 1161 1226 1218 imperatore
1263 1159 1564 1217 magisterium
1611 1160 1797 1204 militum
1837 1163 1882 1204 et
1916 1159 2127 1204 Noricum

671 1221 891 1323 ἓὶἒῐὲῗέῗ
919 1219 2128 1333 02ffl⁰?m.⁹‘}3¹32355t...;¹.2'155²laussmizzmzzff‘ssffi

674 1339 810 1393 sidet,
858 1313 903 1383 et
946 1339 1170 1397 praesenti
1215 1337 1409 1396 periculo
1463 1337 1656 1396 perficit,
1706 1340 1754 1382 ut
1799 1338 1989 1391 Attalus,
2036 1341 2128 1381 tum

671 1399 860 1443 maxime
884 1399 1006 1443 urbis
1036 1398 1299 1456 praefectus,
1332 1397 1386 1442 ab
1419 1402 1573 1441 senatu
1604 1398 1840 1455 imperator
1870 1397 2127 1441 declaretur.

731 1458 905 1502 Interea
934 1459 980 1502 in
1012 1458 1228 1514 Hispania
1252 1457 1470 1500 Gerontius
1501 1469 1649 1500 comes
1681 1471 1707 1500 a
1736 1456 2025 1500 Constantino
2056 1456 2130 1500 de-

671 1516 850 1571 fecerat,
884 1521 928 1561 et
948 1517 1178 1560 Maximum
1207 1516 1329 1559 inani
1365 1516 1641 1572 imperatoris
1675 1516 1848 1559 nomine
1880 1519 2128 1559 ornaverat:

672 1589 751 1632 per
790 1590 886 1620 eam
926 1576 1295 1634 opportunitatem
1346 1577 1517 1618 barbari
1556 1576 1758 1629 Vandali,
1798 1575 1947 1628 Saevi,
1985 1576 2128 1628 Alani,

671 1636 857 1692 proditis
879 1637 1095 1693 Pyrenaei
1125 1635 1286 1678 montis
1318 1635 1549 1692 angustiis,
1581 1648 1732 1679 mense
1755 1635 1876 1691 Sept.
1907 1648 1964 1678 ex
1986 1634 2131 1678 Gallia

672 1697 715 1739 in
735 1697 987 1752 Hispaniam
1019 1704 1252 1739 transeunt.-
1290 1706 1410 1737 arma
1439 1707 1539 1737 cum
1570 1693 1780 1738 Gerontio
1810 1695 2019 1751 iungunt,
2051 1694 2130 1738 sed

672 1768 751 1811 per
781 1758 918 1799 totam
938 1755 1209 1812 provinciam
1242 1752 1491 1810 populando
1523 1757 1793 1810 grassantur.
1856 1754 1999 1797 Etiam
2021 1754 2128 1797 Bri-

675 1817 811 1868 tanni,
859 1828 958 1858 cum
998 1828 1024 1857 a
1064 1813 1353 1857 Constantino
1392 1813 1487 1856 sine
1526 1814 1746 1869 praesidio
1784 1813 1927 1857 relicti
1965 1816 2130 1866 essent,

673 1875 885 1930 probante
915 1873 1134 1926 Honorio,
1177 1873 1393 1926 deficiunt,
1435 1874 1480 1916 et
1517 1873 1610 1917 suis
1651 1873 1737 1930 ipsi
1774 1872 1972 1916 consiliis
2005 1873 2075 1917 usi
2106 1886 2133 1915 a

677 1934 958 1978 barbarorum
987 1933 1151 1990 impetu
1183 1945 1231 1976 se
1262 1930 1512 1975 defendunt.

189 1995 279 2039 410
344 1993 457 2038 1163
523 1993 577 2037 16
639 1992 810 2037 Varane
850 1993 945 2037 solo
984 1991 1164 2037 consule
1197 1991 1360 2036 Orient.
1394 1989 1626 2043 (nimirum
1658 1990 1774 2046 quod
1806 1990 1945 2035 Roma
1975 1991 2020 2034 ιιι
2053 2003 2131 2047 po·

535 2067 562 2111 3
678 2055 837 2097 testate
868 2053 1045 2109 tyranni
1077 2051 1178 2105 fuit)
1207 2051 1426 2104 Alaricus,
1466 2063 1564 2094 cum
1597 2063 1651 2093 ne
1692 2050 1745 2092 ab
1777 2050 1924 2094 Attalo
1957 2050 2132 2107 quidem

677 2125 788 2169 quae
820 2113 1018 2156 voluerat
1047 2111 1258 2167 consequi
1288 2110 1528 2166 potuisset,
1566 2109 1727 2153 frustra
1765 2114 2017 2166 oppugnata
2048 2110 2132 2153 Ra-

674 2185 817 2216 venna
847 2172 989 2216 denuo
1021 2184 1119 2214 cum
1138 2170 1333 2214 Honorio
1363 2169 1531 2226 pacisci
1557 2168 1665 2221 vult,
1697 2171 1742 2211 et
1771 2169 1974 2212 clientem
2006 2183 2133 2213 suum

678 2245 870 2288 purpura
910 2231 1067 2287 privat.
1129 2229 1218 2274 Sed
1250 2228 1581 2273 condicionibus
1620 2228 1783 2272 frustra
1819 2229 2015 2282 iactatis,
2055 2239 2133 2272 ter-

679 2293 776 2334 tium
807 2291 980 2334 Romam
1001 2291 1119 2359 ‘petit
1157 2304 1323 2344 eamque
1353 2287 1491 2345 (Aug.
1521 2287 1618 2340 24.)
1658 2290 1771 2343 capit
1808 2297 1848 2331 et
1878 2289 2044 2344 diripit,
2086 2292 2134 2332 ut

676 2353 824 2394 tamen
855 2350 1091 2407 sanguine,
1123 2350 1331 2405 quantum
1362 2346 1458 2391 fieri
1487 2349 1647 2404 potest,
1680 2350 1726 2390 et
1756 2348 1894 2391 sacris
1926 2347 2135 2392 Christia-

677 2423 831 2454 norum
863 2409 973 2453 locis
1017 2421 1065 2453 se
1096 2408 1327 2451 abstineat.
1390 2406 1540 2450 Tertio
1572 2406 1641 2450 die
1674 2406 1823 2450 urbem
1854 2406 2062 2463 relinquit
2091 2411 2136 2451 et

678 2469 849 2512 Italiam
881 2467 1131 2512 inferiorem
1162 2465 1391 2523 percurrit,
1421 2464 1523 2509 inde
1555 2466 1600 2508 in
1630 2465 1827 2509 Siciliam
1859 2466 2134 2510 traiecturus.

679 2528 769 2572 Sed
799 2530 983 2571 mortem
1016 2527 1109 2571 obit
1138 2524 1253 2582 apud
1275 2524 1505 2581 Rhegium,
1537 2524 1832 2581 sepeliturque
1862 2537 1998 2582 prope
2021 2524 2134 2569 Gon·

680 2587 865 2631 sentiam
883 2587 931 2630 in
953 2585 1090 2630 effoso
1111 2585 1194 2628 rivi
1214 2584 1446 2628 Busentini
1467 2583 1604 2628 alveo.
1657 2583 1710 2627 Ei
1739 2583 1938 2628 succedit
1958 2585 2135 2628 Aeliae!-

674 2648 783 2702 phus
812 2646 969 2699 frater,
1001 2645 1077 2702 qui
1113 2644 1280 2688 Gallam
1311 2643 1569 2697 Placidiam,
1602 2642 1840 2688 Theodosii
1870 2643 2047 2688 maioris
2079 2657 2135 2687 ex

683 2705 817 2750 Galla
831 2704 979 2759 filiam,
1010 2704 1175 2748 Romae
1197 2705 1384 2761 captam,
1417 2714 1566 2746 secum
1593 2704 1812 2772 tamquam
1835 2702 2031 2746 obsidem
2054 2703 2135 2747 cir-

683 2765 905 2809 cumducit
926 2762 1079 2818 (Oros.
1103 2763 1145 2817 7,
1166 2762 1272 2814 43.).
1317 2762 1465 2818 Syrien
1468 2778 1516 2805 us
1537 2761 1674 2819 episc.
1692 2762 2051 2819 Pentapolitanus
2072 2762 2135 2806 fit.

194 2827 278 2871 411
346 2826 461 2870 1164
526 2826 579 2869 17
641 2824 890 2869 Theodosio
927 2822 1041 2880 Aug.
1073 2822 1136 2866 IV
1175 2821 1269 2866 solo
1324 2820 1504 2865 consule
1551 2820 1670 2873 (sive
1716 2824 1817 2878 post
1862 2821 2137 2865 consulatum

537 2900 566 2943 4
682 2881 898 2936 Varanae)
928 2882 1119 2952 tyranni,
1151 2881 1226 2938 qui
1255 2893 1334 2938 per
1363 2879 1443 2924 His
1406 2892 1488 2983 mg.
1521 2883 1566 2924 et
1597 2879 1763 2925 Gallias
1796 2881 1976 2937 imperio
2007 2881 2135 2938 potiti

681 2946 818 2996 erant,
851 2945 991 2987 semet
1020 2942 1106 2999 ipsi
1137 2942 1380 2985 conterunt.
1485 2952 1554 2983 am
1589 2939 1808 2983 Gerontia-s
1837 2939 2036 2984 collectis
2065 2952 2137 2984 co·

683 3003 770 3059 piis
791 3003 835 3046 in
861 3001 1046 3045 Galliam
1063 3000 1352 3070 irruptionem
1374 2998 1492 3052 facit,
1519 2998 1771 3043 Constantem
1794 2999 1989 3043 Viennae
2020 3000 2139 3056 capit

685 3066 730 3106 et
760 3062 941 3115 occidit,
983 3063 1111 3118 atque
1143 3061 1238 3104 eius
1278 3063 1445 3115 patrem
1480 3031 1784 3103 bomeantinum
1814 3058 1990 3102 Arelate
2021 3059 2137 3102 obsi·

686 3120 814 3166 dione
854 3121 1023 3178 premit.
1085 3119 1309 3163 Adversus
1349 3121 1578 3175 utrumque
1627 3118 1681 3162 ab
1719 3117 1914 3162 Honorio
1951 3117 2140 3162 mittitur

690 3180 969 3234 Constantius,
1002 3181 1085 3222 dux
1115 3194 1207 3221 vere
1238 3177 1469 3231 Romanus,
1508 3177 1583 3235 qui
1614 3190 1712 3221 eum
1742 3178 1927 3234 primum
1959 3177 2005 3220 in
2037 3175 2138 3221 Gal-

685 3239 789 3284 liam
820 3240 961 3294 venit,
995 3238 1265 3290 Gerontium,
1297 3236 1351 3280 ab
1379 3236 1575 3281 exercitu
1602 3249 1683 3282 suo
1713 3235 1958 3288 desertum,
1989 3236 2034 3280 in
2062 3235 2138 3280 Hi·

687 3299 883 3357 spaniam
906 3298 1056 3356 fugere
1079 3298 1199 3355 cogit
1230 3295 1321 3349 (ubi
1342 3295 1472 3353 paulo
1492 3299 1595 3353 post
1614 3294 1779 3354 periit),
1810 3299 1901 3339 tum
1925 3294 2139 3340 Constan-

686 3360 826 3403 tinum
858 3359 952 3416 ipse
973 3357 1148 3401 Arelate
1178 3354 1364 3408 obsidet,
1397 3367 1582 3412 eumque
1614 3358 1768 3426 quarto
1799 3367 1949 3399 mense
1980 3354 2036 3399 ad
2065 3354 2139 3399 de-

689 3418 898 3463 ditionem
930 3417 1082 3474 adigit.
1145 3414 1351 3459 Redisset
1380 3414 1515 3472 igitur
1546 3416 1687 3460 omnis
1711 3414 1856 3459 Gallia
1883 3414 1926 3457 in
1948 3416 2140 3471 potesta-

687 3480 775 3524 tem
796 3477 993 3532 Honorii,
1026 3476 1069 3519 ni
1092 3476 1258 3519 Iovinus
1278 3473 1544 3533 Moguntiaci
1575 3487 1602 3518 a
1622 3473 2008 3532 Burgundionibus
2040 3474 2140 3533 (qui

1718 3549 1770 3588 18
