2392 4016
264 188 322 233 38
974 187 1195 237 Imperium
1225 186 1483 228 Graecorum.

1873 332 1996 365 a.Chr.
2046 333 2193 375 olymp.

324 377 475 421 eodem
507 379 700 434 tempore
731 378 777 421 in
797 377 967 422 Italiam
998 376 1196 430 traiicit.)
1243 377 1407 421 Gentes
1439 380 1485 422 et
1504 378 1703 423 civitates
1725 377 1857 423 Asiae

325 437 503 479 minoris
536 437 605 480 sui
635 436 743 481 iuris
773 435 896 480 fiunt.

264 497 545 550 Philemenus,
597 495 849 552 Lysimachi
888 495 1133 552 praefectus
1173 495 1396 552 Pergami,
1440 497 1566 552 regni
1600 496 1859 554 Pergameni

322 554 601 598 fundamenta
630 555 749 599 iacit.
1049 603 1051 606 Α
1457 577 1462 582 ’

266 613 479 665 Quattuor
509 613 640 657 urbes
660 613 934 665 Achaeorum,
967 612 1121 669 Dyme,
1154 612 1323 665 Patrae,
1357 611 1547 666 Tritaea,
1578 613 1758 666 Pharae‚
1788 627 1859 657 ve-

325 674 460 716 terem
499 671 769 716 Achaeorum
811 672 1065 715 societatem
1111 671 1369 724 restituunt,
1419 672 1570 727 quinto
1610 685 1721 715 anno
1760 676 1862 728 post

328 730 445 784 (276,
479 730 545 774 01.
570 729 715 785 125,4)
749 730 920 774 accedit
947 728 1149 787 Aegium,
1180 743 1284 772 mox
1315 729 1465 773 decem
1497 731 1626 775 urbes
1660 731 1856 787 (praeter

322 790 419 833 illas
455 789 666 846 Gerynea,
696 789 827 843 Bura,
858 789 1048 842 Pellene,
1080 788 1254 845 Aegira,
1287 788 1543 840 Leontium)
1575 789 1696 833 fiunt.
1909 790 1998 835 280
2061 791 2146 834 124
2165 792 2194 834 4

264 850 521 892 Ptolemaeus
557 849 762 892 Ceraunos
801 848 827 892 9
859 848 1081 892 mensibus
1112 850 1214 903 post
1245 847 1419 891 Seleuci
1457 861 1608 891 necem
1647 862 1673 891 a
1708 849 1859 902 Gallis,

323 907 476 963 Belgio
511 908 619 950 duce
651 908 697 950 in
729 920 802 951 eas
824 910 962 950 terras
983 907 1338 962 irrumpentibuS,
1371 907 1558 950 vincitur
1583 910 1627 950 et
1647 907 1861 951 occiditur
1910 906 1998 951 280
2062 906 2145 951 125
2171 908 2190 950 l

266 967 499 1020 Meleaqer,
532 966 771 1009 Ptolemaei
801 965 954 1018 frater,
991 965 1232 1020 Antipater,
1274 964 1510 1009 Cassandri
1539 965 1680 1018 filius,
1717 980 1860 1009 rerum

326 1027 442 1066 statu
471 1025 658 1068 maxime
697 1024 970 1080 perturbato,
1012 1037 1090 1079 per
1129 1024 1260 1066 breve
1290 1026 1462 1080 tempus
1493 1024 1704 1080 dignitate
1740 1026 1863 1081 regia

322 1082 535 1125 fruuntur.
589 1083 701 1124 Tum
736 1083 963 1133 Sosthenes,
995 1082 1153 1124 nobilis
1183 1082 1376 1134 Macedo,
1415 1082 1522 1126 belli
1551 1083 1641 1126 dux
1670 1083 1858 1139 eligitur.

264 1140 388 1184 Alius
424 1140 645 1184 Gallorum
677 1141 895 1184 exercitus
926 1141 972 1182 in
1004 1139 1232 1183 Graeciam
1262 1140 1402 1192 irruit,
1433 1139 1628 1184 Graecae
1659 1143 1860 1186 civitates

324 1200 568 1243 coniunctis
619 1200 758 1255 copiis
800 1198 1116 1255 Thermopylas
1169 1198 1435 1253 aliquamdiu
1484 1198 1741 1253 defendunt,
1786 1201 1864 1244 sed

323 1259 524 1301 Brennus
557 1271 655 1302 cum
686 1271 845 1315 magna
874 1260 997 1313 parte
1030 1257 1248 1300 exercitus
1282 1258 1399 1302 circa
1429 1257 1621 1314 Delphos
1652 1258 1767 1314 perit
1914 1259 1999 1303 279
2063 1259 2147 1304 125
2169 1260 2195 1302 2

267 1318 482 1361 Sosthene
523 1331 549 1360 a
581 1316 719 1360 Gallis
763 1317 933 1369 occiSO,
973 1317 1207 1371 Antiyonus
1243 1316 1740 1370 Gonatas‘fl'bva‘co‘ts),
1780 1317 1864 1361 De-

323 1377 468 1420 metrii
497 1377 596 1432 pius
626 1375 758 1429 filius,
802 1376 877 1432 qui
907 1375 1046 1418 adhuc
1079 1375 1334 1419 Corinthum
1366 1378 1410 1419 et
1438 1375 1731 1432 Peloponnesi
1761 1390 1858 1433 par-

323 1438 413 1478 tem
443 1437 655 1488 tenuerat,
685 1435 965 1479 Macedoniae
996 1448 1076 1477 rex
1105 1433 1156 1477 fit
1910 1435 1997 1479 277
2062 1435 2147 1480 125
2168 1436 2197 1479 4

269 1495 492 1540 Gallorum
523 1494 633 1538 aliae
663 1494 839 1546 turbae,
880 1493 1110 1536 Thraciam
1141 1492 1448 1549 depopulatae,
1484 1493 1533 1536 in
1561 1491 1713 1536 Asiam
1742 1493 1861 1537 traii-
1911 1494 1998 1539 279
2063 1493 2148 1539 125
2169 1495 2196 1538 2

326 1555 466 1606 ciunt,
505 1553 704 1596 mercede
736 1552 942 1596 conducti
971 1566 997 1594 a
1027 1552 1269 1605 Nicomede,
1310 1564 1413 1607 rege
1442 1551 1698 1607 Bithyniae,
1738 1551 1862 1595 dimi·

325 1615 439 1665 cant,
470 1615 606 1656 totam
624 1610 776 1655 Asiam
807 1612 1017 1654 minorem
1035 1611 1175 1654 bellis
1198 1624 1249 1654 ac
1270 1611 1587 1654 vastationibus
1609 1611 1860 1657 miscentes.

331 1672 542 1715 Galatiam
573 1672 664 1714 sive
698 1670 1045 1727 Gallograeciam
1074 1670 1292 1726 propriam
1322 1669 1472 1714 sedem
1502 1673 1719 1726 occupant
1908 1669 1996 1714 278
2059 1668 2144 1714 125
2166 1670 2194 1714 3

264 1788 501 1843 Hucusque
540 1787 704 1829 variam
749 1787 921 1843 imperii
958 1787 1229 1831 Macedonici
1271 1786 1490 1830 fortunam
1530 1789 1574 1831 et
1612 1787 1914 1830 contentiones
1954 1787 2199 1843 principum

323 1859 409 1890 uno
441 1849 591 1889 tenore
623 1846 929 1902 explicuimus,
960 1859 1059 1889 cum
1088 1846 1247 1890 incerti
1273 1859 1419 1889 rerum
1449 1849 1630 1890 eventus
1662 1849 1708 1890 et
1735 1847 1922 1902 repetita
1950 1846 2065 1889 bella
2094 1859 2197 1889 nus-

325 1918 454 1961 quam
484 1917 564 1947 nos
596 1905 801 1948 insistere
832 1907 1097 1961 paterentur.
1146 1905 1274 1948 Nunc
1306 1904 1492 1958 demum,
1524 1918 1624 1948 cum
1645 1907 1690 1948 et
1709 1905 1921 1949 Seleucus
1941 1905 2197 1948 interfectus

324 1967 368 2007 et
394 1962 657 2020 Antigonus,
688 1963 900 2007 Demetrii
930 1963 1066 2017 filius,
1092 1964 1370 2007 Macedoniae
1400 1976 1584 2020 regnum
1614 1964 1797 2020 adeptus
1829 1966 1911 2016 est,
1941 1964 2027 2008 tria
2045 1966 2198 2020 poten-

323 2024 494 2076 tissima
523 2036 680 2091 regna,
720 2024 1029 2075 Macedoniam,
1068 2023 1257 2086 ξμνὶαηι,
1295 2023 1359 2081 48
1384 2032 1548 2083 yptam,
1586 2022 1714 2066 facile
1746 2022 1984 2066 discernas.
2044 2023 2196 2078 Neque

322 2095 425 2125 vero
485 2094 524 2124 1s
547 2077 1349 2125 01·ιεῖῘιἭέὶῖῐῑιῐΚἶῖῖῖῖἧθξῖἴὸἷῆἰῐα
1370 2076 1499 2125 ωιῐέ,
1518 2077 2095 2138 Maceffiiffla'disiungenda
2115 2084 2197 2135 est,

325 2154 423 2183 cum
454 2140 604 2183 eadem
635 2141 831 2196 utrisque
861 2140 951 2183 fata
980 2139 1154 2193 fuerint,
1186 2143 1231 2184 et
1251 2140 1536 2184 Macedonum
1563 2154 1691 2197 reges
1722 2141 1812 2184 fere
1844 2154 2016 2197 semper
2037 2141 2197 2196 princi-

323 2202 472 2255 patum
504 2198 713 2242 Graeciae
753 2199 979 2242 servarint.
1044 2198 1162 2251 Quae
1202 2202 1428 2256 praeterea
1465 2212 1602 2255 regna
1630 2198 1816 2243 inAsia
1845 2200 2011 2243 minore
2043 2201 2197 2243 extite-

300 2240 438 2344 {runt,
468 2257 722 2317 Bithyniae,
753 2258 977 2323 Pergami,
1010 2257 1073 2317 Oa
1134 2257 1507 2321 adociaQPonti
1559 2257 1791 2318 Armeniae
1791 2291 1839 2317 Ἴ,
1853 2271 1906 2301 ea
1935 2259 2011 2302 vix
2039 2271 2119 2314 per
2149 2271 2198 2302 se

300 2311 769 2374 ‚digna“videb*a*fifuf}
807 2312 1024 2372 quaffffs‘
1035 2319 1044 2323 “
1068 2331 1093 2359 a
1119 2313 1207 2360 fihs
1245 2290 1793 2373 Υῖῡῡεὲιιι«8ῖῡὶῑέᾖἰῖιῖῐζ”λιίᾟᾳιιέθι
1811 2329 1961 2374 eorum
1991 2318 2199 2360 memoria

325 2378 497 2419 servata
528 2378 616 2428 est,
656 2376 743 2419 nisi
777 2389 856 2431 per
887 2377 1252 2432 opportunitatem
1283 2375 1494 2420 bellorum
1534 2377 1587 2419 ab
1627 2376 1724 2420 aliis
1756 2376 1929 2432 populis
1961 2378 2197 2432 gestorum,

324 2435 481 2491 quibus
512 2434 655 2478 media
683 2435 914 2477 interiecta
945 2437 1080 2478 erant.
1133 2436 1427 2478 Veruntamen
1456 2448 1610 2491 regum
1641 2436 1983 2490 Peryamenorum
2013 2448 2092 2491 per
2122 2435 2198 2478 ali-

326 2494 443 2550 quod
471 2495 644 2549 tempus
674 2493 922 2536 florentium
953 2497 998 2538 et
1017 2494 1292 2550 Bithynorum
1322 2495 1476 2538 breves
1510 2494 1688 2538 annales
1721 2494 1976 2547 adiecimus,
2008 2507 2063 2537 ne
2094 2494 2199 2550 quid

326 2552 512 2606 deesset,
544 2552 660 2608 quod
690 2552 745 2596 ad
773 2553 1000 2596 historiam
1029 2553 1322 2599 Romanorum
1351 2552 1507 2596 melius
1537 2553 1866 2609 intelligendam
1895 2554 2147 2609 pertineret.

317 2802 359 2847 3.
420 2797 639 2846 Rnonum
669 2796 1023 2856 Marruuium,
1055 2811 1154 2845 mu
1187 2811 1286 2846 cum
1319 2797 1576 2846 Guneus:
1608 2784 1823 2846 mamus

893 2870 1232 2905 clvl'rA'rIBUS.
1413 2885 1418 2888 -

435 2979 574 3034 Reqes
603 2977 872 3021 Macedonum
909 2994 960 3021 ex
987 2980 1162 3033 posteris
1189 2980 1393 3023 Demetrii
1421 2979 1691 3022 Poliorcetae.
1927 3035 1980 3069 Oh
2050 3037 2096 3069 01

1884 3044 1916 3068 a.
1981 3046 2013 3069 r.
2098 3046 2196 3078 ymp.

267 3082 500 3136 Antiqonus
536 3081 723 3125 Gonatas
753 3093 861 3137 pace
900 3080 1014 3124 facta
1053 3094 1151 3124 cum
1181 3079 1421 3135 Antiocho,
1463 3082 1639 3126 Seleuci
1668 3080 1779 3135 filio,
1820 3084 1864 3125 et

330 3139 553 3184 Gallorum
585 3140 781 3183 exercitu
809 3139 941 3192 victo,
972 3153 1155 3196 regnum
1184 3141 1462 3185 Macedoniae
1493 3142 1674 3194 obtinet,
1704 3141 1759 3185 ab
1791 3154 1829 3183 a.
1912 3139 1998 3183 277
2062 3138 2146 3184 125
2167 3140 2197 3183 4

271 3199 363 3251 Quo
394 3201 587 3254 tempore
618 3199 732 3242 Zeno
764 3197 988 3242 Cittiensis
1019 3199 1124 3255 phil.
1155 3198 1339 3244 Athenis
1369 3199 1508 3244 floret.

268 3258 309 3300 A
346 3259 506 3313 Pyrrho
544 3258 745 3313 Epirota,
793 3270 848 3300 ex
886 3257 1013 3300 Italia
1050 3271 1247 3312 reverso,
1287 3258 1436 3316 Antig.
1477 3261 1570 3302 tota
1599 3271 1734 3315 prope
1773 3258 1861 3301 Ma-

330 3316 512 3359 cedonia
542 3316 714 3369 eiicitur
1911 3314 1999 3358 274
2061 3314 2146 3358 126
2167 3315 2196 3359 3

270 3375 461 3430 Pyrrhus
483 3375 528 3417 in
549 3372 898 3431 Peloponnesum
917 3387 1177 3431 progressus
1198 3388 1279 3418 nec
1302 3375 1504 3431 Spartam
1524 3388 1679 3432 capere
1700 3377 1860 3432 potest,
2099 3420 2101 3422 ,

331 3435 375 3476 et
406 3435 459 3476 ab
489 3432 664 3489 Argivis
696 3432 917 3489 Antigono
948 3433 1192 3478 faventibus
1222 3434 1480 3479 interficitur
1911 3431 1996 3474 272
2061 3431 2144 3474 127
2170 3432 2190 3475 l

270 3491 521 3548 Antigonus
543 3492 839 3536 Macedoniam
867 3495 1107 3548 recuperat,
1141 3496 1184 3537 et
1201 3494 1362 3537 virtute
1383 3493 1591 3538 Demetrii
1611 3492 1691 3537 filii
1711 3495 1863 3536 contra

330 3550 625 3596 Alexandrum
653 3551 811 3610 Pyrrhi
838 3549 975 3603 filium
1006 3551 1212 3597 defendit.
