2392 4016
384 206 466 251 156
1155 209 1334 249 Annales
1364 209 1536 250 Romani

395 353 482 444 1³93.
531 363 620 443 8¹48
672 363 758 443 ¹1n2p·
799 398 900 443 Cos·
943 399 1047 443 Sex.
1086 400 1320 456 Pompeius
1362 400 1565 457 Collega,
1608 401 1836 446 Cornelius
1877 403 2055 447 Priscus
2097 402 2226 453 (suff.
2258 405 2312 446 M.

833 458 1002 502 Lollius
1023 459 1248 503 Paullinus
1272 460 1473 503 Valerius
1494 459 1716 505 Asiaticus
1740 462 2000 506 Saturninus
2024 465 2068 505 et
2091 462 2139 506 C.
2155 462 2313 505 Antius

835 517 972 561 lulius
1014 518 1296 570 Quadratus.)
1367 518 1415 562 C.
1448 519 1615 563 Plinius
1655 522 1795 564 minor
1834 525 2019 577 praetor.
2090 522 2184 564 Hoc
2225 522 2313 564 fere

833 579 1026 632 tempore
1061 578 1214 633 Ulpius
1248 578 1484 632 Traianus,
1527 580 1603 635 qui
1631 585 1786 636 postea
1816 581 2067 637 imperavit,
2111 580 2312 624 German.

835 635 959 679 infer.
993 636 1239 692 praefectus
1271 640 1353 680 est.

413 694 470 738 94
533 667 622 738 847
686 695 740 740 13
804 694 904 738 Cos.
937 695 987 738 L.
1018 695 1186 739 Nonius
1220 696 1467 752 Torquatus
1497 695 1735 753 Asprenas,
1767 699 1818 742 T.
1840 699 2018 743 Sextius
2042 674 2210 755 Magius
2232 699 2314 741 La-

832 753 1045 807 teranus.)
1106 754 1157 798 In
1198 755 1292 799 dies
1324 755 1540 799 crudelior
1578 759 1631 802 et
1658 758 1857 813 rapacior
1889 759 2162 801 Domitianus
2205 759 2313 814 opti-

834 827 950 857 mum
982 826 1195 871 quemque
1225 829 1304 871 per
1333 818 1531 859 senatum
1566 816 1723 872 ipsum,
1755 817 1811 860 ad
1839 817 2031 860 infimam
2062 818 2313 860 servitutem

680 878 730 912 tr.
830 873 1096 929 prolapsum,
1118 874 1251 917 tollit·
1283 874 1521 917 Arulenum
1541 875 1784 929 Rusticum,
1817 877 1932 932 quod
1956 877 2206 928 Thraseam,
2227 876 2313 918 He-

658 938 744 981 pot.
832 933 1031 975 rennium
1067 933 1367 987 Senecionem,
1399 934 1516 989 quod
1543 934 1792 978 Helvidium
1813 935 2010 979 Priscum
2043 936 2312 978 laudaverat:
2352 938 2357 942 '

680 993 732 1030 14
831 991 936 1033 item
957 991 1204 1034 Helvidium
1232 992 1368 1035 filium
1400 993 1574 1045 oceidit,
1606 994 1887 1051 philosophos
1912 995 2014 1038 urbe
2037 995 2217 1051 expellit
2249 995 2312 1046 (et

833 1050 880 1092 in
909 1050 965 1092 iis
996 1051 1228 1162 tEpsiptstum
1261 1051 1471 1104 Stoicum,
1502 1053 1577 1107 qui
1606 1056 1697 1095 tum
1729 1054 1868 1097 Roma
1895 1054 2049 1097 relicta
2068 1054 2314 1110 Nicopolim

836 1121 884 1151 se
916 1121 998 1151 con
1020 1123 1047 1151 u
1066 1123 1081 1151 1

412 1165 467 1209 95
530 1166 617 1210 848
683 1166 736 1210 14
798 1166 906 1223 Imp.
939 1167 1212 1211 Domitianus
1246 1181 1336 1211 eos.
1367 1168 1499 1212 XVII
1531 1170 1575 1225 (q
1579 1183 1677 1212 uam
1714 1170 1971 1225 dignitatem
2003 1172 2045 1214 ei
2075 1172 2316 1228 gratulatur

833 1227 999 1269 Statius
1022 1233 1149 1282 Ροέία
1181 1227 1286 1271 Silv.
1309 1227 1385 1281 IV,
1419 1226 1478 1296 l..)
1511 1229 1560 1271 T.
1592 1229 1771 1272 Flavius
1807 1230 1998 1272 Clemens.
2061 1231 2105 1273 IS
2137 1243 2315 1277 uxoxem

833 1286 1020 1329 habebat
1049 1286 1287 1329 Domitiani
1319 1288 1480 1330 sororis
1512 1287 1660 1341 filiam,
1702 1289 1900 1331 Flaviam
1932 1289 2220 1342 Domitillam,
2262 1303 2317 1332 ex

835 1358 970 1401 eaque
1001 1347 1126 1402 pueri
1146 1346 1445 1402 Vespasianus
1477 1350 1520 1390 et
1541 1321 1816 1391 Dom'itianus
1843 1348 2091 1396 Quintiliani
2121 1362 2225 1391 cura
2252 1349 2316 1391 in-

837 1405 1087 1448 stituuntur.
1136 1405 1236 1461 Ipse
1259 1405 1460 1449 Clemens
1493 1407 1718 1461 occiditur,
1754 1407 1978 1450 Domitilla
1999 1407 2316 1461 Pandatariam,

834 1464 971 1506 altera
1000 1465 1238 1518 Domitilla,
1271 1464 1508 1509 Clementis
1539 1467 1702 1510 sororis
1733 1466 1837 1520 filia,
1869 1466 2048 1510 Pontias
2080 1467 2313 1524 relegatur,

673 1526 723 1560 tr.
835 1536 984 1566 omnes
1019 1524 1200 1566 crimine
1232 1525 1472 1580 impietatis
1505 1526 1550 1568 in
1583 1526 1710 1578 deos,
1743 1528 1922 1582 propter
1952 1526 2217 1569 Iudaismum
2248 1527 2318 1569 vel

660 1587 746 1631 pot.
835 1583 980 1625 verius
1004 1582 1402 1627 Christianismum:
1435 1585 1570 1630 ceteri
1591 1585 1843 1638 Christiani,
1876 1597 2058 1640 quorum
2089 1585 2203 1628 haud
2226 1587 2315 1628 exi-

683 1643 734 1679 15
782 1679 787 1683 .
839 1654 951 1697 gnus
992 1642 1156 1685 Romae
1195 1655 1422 1696 numerus,
1462 1642 1560 1686 fisci
1590 1644 1758 1687 Iudaici
1796 1644 2012 1686 calumnia
2050 1647 2315 1700 premuntur.

837 1700 1014 1802 Gliabaio
1027 1702 1295 1812 ἕὲῗευὶαῑὶε,
1327 1703 1481 1745 robore
1503 1703 1707 1759 insignis,
1737 1702 1997 1746 interficitur
2027 1701 2103 1755 (cf.
2124 1704 2315 1747 Iuvenal.

837 1773 886 1802 sa
909 1793 918 1802 .
982 1793 992 1812 ‚
1113 1793 1123 1804 .

411 1815 466 1858 96
528 1816 615 1860 849
680 1816 734 1862 15
798 1817 846 1861 C.
878 1819 1038 1862 Manlio
1060 1819 1261 1871 Valente,
1302 1818 1354 1862 C.
1383 1818 1576 1862 Antistio
1597 1820 1757 1863 Vetere
1790 1833 1879 1863 cos.
1912 1820 2036 1873 (suff.
2071 1821 2163 1865 Cal.
2196 1822 2316 1878 Sept.

837 1878 903 1920 Ti.
939 1877 1089 1921 Catius
1121 1878 1300 1932 Fronto,
1333 1878 1388 1920 M.
1426 1878 1687 1935 Calpurnius
1719 1879 1931 1930 Flaccus)
1972 1893 2009 1923 a.
2051 1881 2091 1923 d.
2137 1880 2191 1923 14
2225 1880 2316 1924 Cal.

840 1937 949 1990 Oct„
982 1950 1109 1993 quem
1132 1937 1246 1980 diem
1268 1938 1397 1980 anxie
1421 1941 1686 1994 expectarat,
1720 1939 1994 1982 Domitianus
2018 1954 2043 1981 a
2065 1940 2316 1983 domesticis

837 1998 943 2050 suis,
976 2010 1063 2040 non
1093 1998 1308 2040 insciente
1340 2010 1476 2040 uxore
1498 1998 1691 2041 Domitia
1718 1998 1919 2054 Longina
1950 2002 1994 2041 et
2014 1999 2218 2042 Petronio
2241 1999 2318 2042 Se·
2383 2016 2389 2020 ·

685 2060 735 2093 tr·
837 2056 1002 2109 cundo,
1044 2059 1179 2112 praet.
1212 2055 1362 2112 praef„
1394 2057 1685 2113 extinguitur,
1725 2058 1880 2100 aetatis
1913 2071 1951 2100 a.
1982 2057 2040 2101 45
2081 2058 2317 2129 eodemque

660 2119 745 2164 pot·
835 2117 1029 2171 tempore
1051 2116 1214 2171 Ephesi
1234 2117 1480 2170 Apollonius
1495 2117 1732 2172 TyanensiS,
1755 2117 1926 2159 celeber
1946 2114 2312 2175 θαυματουργός,

681 2176 733 2212 16
834 2175 995 2230 populo
1029 2177 1284 2227 convocato,
1316 2175 1581 2218 acclamasse
1613 2176 1797 2219 traditur
1827 2176 2195 2220 interfectoribus.

775 2233 839 2275 M.
867 2234 1170 2276 COC'CEIUS
1188 2207 1323 2276 NE’R
1335 2235 1424 2287 VA,
1444 2235 1608 2277 Narnia
1629 2235 1852 2288 oriundus,
1883 2236 1951 2278 bis
1974 2248 2079 2289 cos„
2103 2235 2171 2279 18.
2195 2236 2315 2292 Sept.

835 2292 890 2335 ad
918 2293 1210 2349 principatum
1241 2294 1434 2346 vocatur,
1467 2307 1602 2336 senex
1635 2294 1691 2336 64
1722 2307 1944 2336 annorum.
1995 2295 2200 2349 Senatus,
2231 2296 2314 2338 fre-

803 2388 805 2392 ,
833 2353 1051 2395 mentibus
1083 2353 1309 2405 militibus,
1341 2354 1592 2396 memoriam
1613 2353 1848 2396 Domitiani
1880 2357 2106 2396 execratur
2137 2357 2182 2397 et
2220 2358 2318 2397 acta
2386 2400 2392 2401 ⁷

835 2411 969 2454 tollit:
1017 2414 1062 2454 et
1100 2412 1273 2454 renasci
1310 2412 1488 2455 libertas
1528 2413 1719 2464 videtur,
1759 2426 1857 2455 cum
1894 2412 2040 2456 Nerva
2075 2415 2316 2456 maiestatis

837 2471 1002 2513 crimen
1033 2471 1169 2524 tollit,
1210 2471 1360 2514 exules
1392 2474 1591 2525 revocat,
1633 2472 1795 2515 tributa
1824 2471 2002 2525 minuit,
2041 2473 2316 2516 iureiurando

836 2529 1022 2586 denique
1057 2530 1296 2583 confirmat,
1330 2543 1378 2573 se
1412 2531 1577 2573 nullum
1610 2533 1854 2574 senatorem
1883 2531 2225 2574 interfecturum.

415 2588 469 2632 97
533 2587 620 2632 850
805 2587 909 2632 Cos.
941 2590 1050 2645 Imp.
1084 2590 1230 2632 Nerva
1259 2589 1339 2643 ΙΙΙ,
1372 2589 1424 2632 Τ.
1447 2590 1682 2646 Verginius
1714 2590 1853 2633 Rufus
1885 2590 1963 2643 ΙΙΙ,
2006 2591 2102 2634 suff.
2139 2592 2183 2633 C.
2221 2592 2316 2634 Cor-

837 2650 968 2691 nelius
1004 2649 1187 2702 Tacitus,
1219 2649 1444 2692 minimum
1475 2650 1546 2692 42.
1580 2662 1716 2692 annos
1747 2652 1891 2702 natus,
1921 2652 2012 2692 tum
2045 2651 2147 2693 Sex.
2179 2651 2315 2693 Iulius

836 2707 1074 2751 Frontinus
1098 2709 1154 2761 ΙΙ,
1188 2708 1324 2758 Iulius
1355 2708 1520 2764 Lupus,
1554 2709 1727 2753 Vettius
1749 2709 1960 2752 Proculus
1993 2712 2038 2751 et
2069 2709 2117 2752 C.
2141 2710 2314 2753 Salvius

836 2766 1085 2818 Liberalis.)
1155 2768 1249 2810 Hoc
1291 2768 1502 2824 principis
1541 2769 1763 2824 ingenium
1803 2780 1935 2827 aegre
1973 2767 2162 2812 ferentes
2193 2782 2315 2825 prae-

838 2827 1010 2879 toriani,
1053 2826 1162 2869 duce
1196 2826 1404 2882 Casperio
1434 2827 1632 2880 Aeliano,
1670 2816 1889 2883 praefecto
1923 2840 2017 2881 suo,
2057 2827 2315 2871 seditionem

837 2883 1015 2938 faciunt,
1048 2888 1093 2927 et
1114 2886 1351 2928 Domitiani
1381 2887 1697 2940 interfectores,
1729 2887 1903 2929 nolente
1932 2886 2088 2940 Nerva,
2121 2887 2176 2930 ad
2204 2900 2314 2930 mor-

836 2945 924 2985 tem
954 2945 1140 3000 rapiunt.
1193 2945 1345 3000 Itaque
1376 2958 1474 2988 eum
1506 2959 1554 2989 se
1583 2947 1630 2988 in
1662 2946 1855 2989 ordinem
1885 2946 2108 2989 redactum
2140 2949 2184 2989 et
2214 2959 2315 2990 eon-

835 3004 971 3045 temni
1003 3005 1273 3045 senectutem
1304 3017 1427 3046 suam
1458 3005 1638 3057 videret,
1677 3005 1742 3047 M.
1783 3005 1946 3059 Ulpium
1982 3006 2219 3058 Traianum,
2250 3006 2314 3048 in-

835 3061 1004 3105 ferioris
1039 3061 1294 3105 Germaniae
1325 3063 1538 3118 legatum,
1577 3064 1716 3106 virum
1743 3064 2084 3118 integerrimum
2117 3077 2167 3107 ae
2198 3065 2314 3107 bello

838 3121 1022 3174 clarum,
1060 3123 1151 3164 tum
1182 3121 1368 3163 maxime
1398 3121 1454 3163 42
1489 3135 1722 3174 annorum,
1762 3124 1955 3165 extremo
1989 3122 2083 3165 Oct.
2117 3123 2312 3179 adoptat:

838 3193 941 3222 mox
971 3181 1239 3236 imperatorii
1276 3181 1463 3223 nominis
1507 3195 1557 3224 ac
1587 3181 1845 3223 tribuniciae
1876 3183 2106 3237 potestatis
2140 3195 2314 3225 consor-

655 3240 755 3288 imp.
837 3241 925 3281 tem
956 3239 1073 3282 facit.
1144 3239 1302 3282 Tribus
1334 3240 1556 3282 mensibus
1586 3242 1689 3296 post
1720 3239 1832 3290 (sec.
1850 3240 2015 3283 Victor.
2047 3241 2161 3297 Epit.
2197 3241 2283 3291 12.)

416 3296 471 3340 98
532 3296 614 3341 851
692 3303 733 3337 et
824 3296 924 3340 Cos.
965 3299 1073 3354 Imp.
1111 3298 1257 3341 Nerva
1293 3298 1377 3352 IV,
1423 3299 1567 3342 Nerva
1607 3299 1793 3341 Traiano
1833 3298 2020 3342 Caesare
2052 3300 2095 3342 II
2134 3313 2233 3342 cum
2272 3300 2312 3342 d.

674 3361 734 3410 tr.
838 3356 908 3400 28.
929 3357 1020 3399 Ian.
1051 3357 1197 3400 Nerva
1227 3357 1505 3411 decessisset,
1541 3357 1860 3400 TRAIANUS
1887 3359 1933 3401 in
1957 3358 2138 3401 Colonia
2158 3359 2313 3415 Agrip-

666 3420 749 3464 pot.
841 3417 1014 3471 pinensi
1043 3417 1332 3473 principatum
1365 3418 1562 3474 suscipit,
1593 3418 1689 3474 ipse
1720 3417 1885 3469 Italica,
1924 3418 2029 3460 urbe
2060 3417 2311 3473 Hispaniae,

699 3477 718 3512 l
838 3475 1070 3527 oriundus,
1111 3479 1155 3519 et
1184 3477 1348 3531 primus
1388 3477 1718 3532 imperatorum,
1762 3477 1836 3532 qui
1867 3479 1991 3519 extra
2022 3477 2171 3519 Italiae
2202 3476 2311 3518 fines

838 3534 928 3576 nati
967 3537 1126 3577 essent.
1195 3535 1471 3578 Tribuniciae
1512 3536 1742 3591 potestatis
1786 3536 1887 3577 anni
1925 3536 1977 3578 ab
2019 3535 2075 3577 28
2108 3535 2197 3576 Ian.
2239 3548 2313 3576 nu-

839 3594 1071 3635 merantur.
1142 3593 1191 3636 C.
1224 3593 1396 3637 Salvius
1428 3594 1640 3636 Liberalis
1680 3595 1720 3636 h.
1755 3597 1798 3636 et
1826 3595 1966 3648 inseq.
1999 3606 2110 3635 anno
2142 3593 2311 3635 Britan-
