2392 4016
6 3733 42 4016 ww?
26 3679 29 3684 .

929 168 1121 208 historiae
1150 170 1310 208 veteris.
2030 175 2083 211 η

162 314 349 370 denique
379 324 565 358 auctores
597 314 789 357 Chronica·
815 314 1037 358 Panchalie
1073 315 1166 359 sive
1196 314 1485 365 Alexandrini,
1523 327 1704 370 quorum
1736 314 1847 358 alter
1874 314 1929 359 ab
1960 316 2085 360 initio

161 391 304 430 rerum
334 398 473 442 usque
503 385 559 429 ad
588 399 626 428 a.
657 384 761 439 354,
792 386 901 430 alter
930 387 985 430 ab
1014 398 1069 429 eo
1099 388 1294 442 tempore
1325 385 1380 428 ad
1412 396 1449 427 a.
1471 389 1574 442 post
1594 386 1693 430 Chr.
1716 390 1801 430 nat.
1834 386 1924 432 630
1951 387 2086 432 histo·

160 456 268 500 riam
300 456 492 502 deduxit.
547 457 841 500 Veruntamen
862 457 905 500 hi
935 458 1186 515 scriptores,
1218 457 1303 501 nisi
1332 456 1444 500 forte
1465 457 1723 501 aridissimis
1744 460 1983 515 priscorum
2007 461 2086 504 As·

162 528 377 583 syriorum
407 531 452 573 et
479 527 797 585 Aegyptiorum
834 541 986 585 regum
1025 528 1244 573 indicibus
1275 541 1538 585 magnopere
1569 529 1854 583 delectamur,
1893 536 1982 575 tum
2013 533 2087 576 de-

162 612 279 644 mum
308 600 497 644 maximo
527 601 629 644 usui
658 612 757 644 esse
787 600 1016 657 incipiunt,
1047 612 1145 643 cum
1177 599 1232 643 ad
1262 600 1455 656 ipsorum
1487 603 1674 644 aetatem
1706 604 1750 644 et
1778 601 1906 645 finem
1930 604 2087 647 veteris

163 671 369 715 historiae
407 672 534 716 nobis
572 673 843 729 propositum
880 672 1093 715 venimus.
1161 671 1308 715 Alium
1348 672 1489 715 locum
1527 673 1642 716 inter
1682 674 1899 729 praesidia
1929 687 2088 730 cogno·

164 741 351 788 soendae
378 742 588 787 historiae
607 744 764 788 Strabo
796 744 882 787 sibi
913 743 1119 796 vindicat,
1153 756 1412 800 quamquam
1445 757 1501 787 ex
1533 744 1704 788 diverso
1726 758 1886 802 genere
1907 747 2089 803 scripto·

161 826 259 858 rum
289 816 370 858 est.
415 814 527 859 Nam
557 816 598 859 is
629 828 728 860 cum
757 815 947 873 Augusti
977 817 1119 858 aetate
1150 816 1263 859 situs
1293 819 1506 859 terrarum
1537 819 1582 859 et
1611 817 1781 862 urbium
1810 817 2089 870 describeret,

162 886 208 929 in
238 897 291 930 ea
318 898 367 933 re
395 886 459 930 ita
486 890 686 932 versatus
716 891 799 942 est,
829 891 879 931 ut
909 887 1039 932 simul
1068 887 1267 944 plurima,
1308 900 1419 944 quae
1451 887 1506 931 ad
1535 888 1761 932 historiam
1792 890 2016 933 civitatum
2046 893 2091 933 et

163 968 396 1015 regnorum
427 961 472 1002 et
501 959 811 1004 excellentium
831 961 1022 1003 virorum
1055 962 1318 1019 spectarent,
1350 959 1572 1013 adiiceret,
1604 962 1809 1017 quocirca
1837 975 1892 1005 ne
1921 962 1978 1006 iis
1997 962 2092 1019 qui·

165 1027 279 1082 dem,
311 1029 387 1086 qui
416 1030 534 1074 solas
565 1043 637 1075 res
669 1034 818 1089 gestas
850 1045 1118 1090 cognoscere
1150 1032 1341 1088 cupiant,
1373 1032 1637 1076 omittendus
1668 1036 1750 1077 est.

278 1101 528 1146 Praemissa
556 1103 691 1160 igitur
728 1105 990 1161 scriptorum
1028 1103 1084 1147 ad
1112 1104 1361 1147 universam
1390 1103 1618 1150 historiam
1646 1108 1839 1149 veterem
1870 1106 2088 1162 pertinen·

162 1173 271 1217 tium
309 1173 487 1228 notitia,
527 1174 583 1218 ad
613 1187 690 1219 eos
729 1176 977 1229 veniamus,
1013 1189 1040 1218 a
1077 1175 1235 1231 quibus
1274 1174 1543 1231 singularum
1583 1177 1777 1231 gentium
1815 1180 2091 1235 aetatumque

165 1245 463 1301 cognitionem
500 1247 704 1303 petimus.
773 1247 866 1290 Iam
902 1247 1088 1304 primum
1119 1247 1250 1290 Asiae
1278 1248 1478 1302 qentium,
1515 1248 1728 1304 imprimis
1759 1247 2091 1306 Aegyptiorum,

163 1315 406 1373 Lydorum,
443 1317 665 1362 Medorum
703 1319 1041 1375 Persarumque,
1079 1319 1262 1362 historia
1298 1319 1504 1361 Herodoti
1541 1318 1626 1362 fide
1664 1320 1836 1373 nititur,
1878 1322 1952 1377 qui
1991 1322 2091 1365 dnm

164 1387 280 1432 bella
307 1388 421 1433 inter
442 1388 636 1434 Graecos
657 1393 703 1434 et
722 1390 881 1434 Persas
913 1393 1040 1447 gesta
1070 1390 1295 1443 describit,
1326 1402 1419 1432 rem
1449 1390 1581 1434 altius
1602 1394 1805 1448 repetens
1825 1392 1949 1435 initia
1969 1395 2092 1450 regni

163 1459 392 1504 Persarum
433 1463 479 1503 et
518 1460 745 1504 historiam
773 1461 1032 1518 populorum
1070 1461 1160 1505 illis
1191 1461 1508 1515 subiectorum,
1548 1462 1691 1518 quoad
1722 1463 1790 1507 sui
1820 1464 1928 1507 iuris
1957 1468 2093 1518 erant,

161 1531 437 1587 persequitur
465 1531 713 1588 (Lydorum
732 1532 830 1576 libr.
850 1532 890 1586 l,
921 1546 948 1576 a
968 1546 1062 1590 cap.
1086 1532 1246 1585 6—94,
1277 1532 1502 1577 Medorum
1523 1534 1620 1577 eod.
1643 1534 1740 1578 libr.
1762 1547 1856 1592 cap.
1874 1535 2093 1589 95—130,

165 1601 485 1659 Aegyptiorum
514 1616 593 1660 per
621 1606 760 1648 totum
789 1604 948 1648 librum
979 1604 1265 1656 secundum):
1297 1605 1409 1648 lenis
1442 1608 1487 1648 et
1507 1605 1706 1661 placidus
1725 1609 1934 1659 narrator,
1965 1619 2094 1663 quae·

164 1685 335 1730 cunque
366 1677 442 1718 aut
464 1676 757 1732 ‚comperisset
785 1678 861 1720 aut
891 1677 988 1733 ipse
1018 1677 1205 1721 vidisset
1224 1677 1414 1733 benigne
1437 1677 1564 1732 quasi
1584 1677 1837 1734 impertiens
1858 1679 2093 1725 lectoribus

166 1745 274 1799 suis,
307 1749 351 1790 et
380 1747 533 1804 procul
561 1750 754 1792 remotus
786 1761 812 1792 a
843 1750 1093 1806 suspicione
1119 1751 1354 1806 ‘corruptae
1386 1748 1597 1792 veritatis.
1645 1749 1802 1793 Cetera
1831 1750 1885 1794 de
1914 1751 2094 1809 imperio

164 1817 395 1863 Persarum
427 1832 482 1863 ex
501 1820 689 1863 Diodoro
718 1823 945 1877 petuntur:
977 1822 1031 1866 de
1061 1822 1153 1866 vita
1182 1824 1228 1865 et
1245 1821 1376 1864 rebus
1411 1820 1549 1877 gestis
1567 1819 1824 1865 Artaxerxis
1845 1822 1889 1866 11
1920 1835 1956 1866 s.
1977 1824 2095 1868 Mne-

164 1890 308 1935 monis
339 1891 575 1948 singularis
605 1891 781 1936 libellus
802 1893 1022 1937 Plutarchi
1051 1896 1192 1938 extat:
1224 1892 1548 1950 expeditionem
1579 1891 1685 1948 cyri
1705 1893 1899 1947 minoris,
1929 1894 2095 1951 Lydiae

152 1964 388 2020 satrapae,
427 1966 580 2007 contra
608 1963 723 2007 hunc
763 1976 934 2021 regem,
975 1964 1151 2009 fratrem
1183 1977 1335 2017 suum,
1374 1977 1398 2007 e
1437 1963 1771 2020 locupletissimi
1797 1966 1927 2010 testis
1955 1968 2094 2012 Xeno·

161 2035 328 2090 phontis
356 2035 480 2078 libris
512 2037 680 2091 septem
706 2035 948 2079 Ambascos
978 2037 1301 2093 cognoscimus,
1331 2035 1468 2080 multa
1495 2036 1630 2079 etiam
1662 2049 1718 2079 ex
1739 2035 2002 2082 Graecarum
2030 2053 2096 2083 re-

165 2118 261 2150 rum
290 2107 575 2163 scriptoribus
605 2107 883 2164 colliguntur,
926 2120 1013 2152 non
1043 2108 1146 2152 data
1175 2121 1320 2164 opera,
1356 2107 1435 2150 sed
1466 2107 1809 2164 quotiescunque
1838 2122 1910 2154 res
1939 2111 2001 2155 ita
2029 2115 2095 2155 tu-

167 2177 289 2230 lerat,
319 2189 390 2221 res
411 2178 641 2222 Persarum
667 2180 1004 2236 attingentibus.
1052 2180 1163 2224 Nam
1195 2175 1312 2236 quod
1341 2179 1457 2223 idem
1477 2179 1706 2234 Xenophon
1736 2181 1957 2237 singulare
1985 2195 2095 2240 opus

167 2247 222 2294 de
243 2247 349 2305 Gyri
378 2248 587 2301 (maioris)
618 2250 709 2294 vita
738 2251 997 2308 composuit,
1028 2265 1080 2296 eo
1113 2255 1286 2296 constat
1317 2252 1580 2308 scriptorem
1612 2264 1700 2294 non
1730 2252 1938 2296 historiae
1967 2254 2094 2298 fidem

167 2323 365 2365 secutum
393 2333 507 2374 esse,
539 2321 619 2366 sed
647 2324 892 2379 praeceptis
915 2324 1008 2367 suis
1029 2325 1333 2369 auctoritatem
1353 2323 1547 2367 voluisse
1569 2324 1822 2368 conciliare:
1855 2338 1911 2368 ex
1937 2326 2096 2369 Ctesias

167 2391 342 2449 quidem
378 2392 502 2437 libris
542 2409 673 2437 rerum
704 2395 925 2438 Persarum
965 2396 1074 2440 nihil
1113 2399 1331 2440 servatum
1370 2398 1460 2448 est,
1505 2399 1678 2452 praeter
1715 2408 1856 2452 panca
1892 2401 2097 2454 excerpta

168 2463 285 2520 apud
314 2464 539 2519 Photium,
570 2477 658 2510 non
689 2466 1005 2512 contemnenda
1034 2468 1112 2512 illa
1141 2468 1338 2525 quidem,
1380 2467 1460 2512 sed
1489 2468 1682 2511 incertae
1713 2466 1837 2521 fidei,
1875 2481 1997 2522 cum,
2027 2481 2096 2513 ce-

170 2536 278 2581 teris
309 2535 505 2593 perditis,
538 2539 729 2583 auctoris
761 2539 858 2583 luce
887 2542 1078 2583 careant.

290 2607 537 2651 Graecorum
566 2622 636 2654 res
669 2614 818 2666 gestas
848 2611 935 2668 ipsi
966 2612 1201 2668 scriptores
1225 2610 1382 2655 Graeci
1412 2610 1647 2655 memoriae
1677 2610 1961 2665 tradiderunt,
1991 2625 2095 2670 qno-

165 2692 261 2727 rum
293 2692 421 2724 nemo
452 2683 613 2734 tamen,
651 2683 726 2737 qui
754 2682 930 2738 quidem
959 2683 1088 2727 hodie
1120 2687 1369 2738 supersunt,
1409 2683 1655 2726 universam
1697 2684 1840 2738 gentis
1873 2684 2094 2729 historiam

167 2751 452 2808 conscripsitz
482 2751 714 2808 plurimum
746 2754 877 2810 spatii
906 2755 1209 2811 complectitur
1238 2755 1500 2805 Plutarchus.
1541 2754 1617 2810 qui
1646 2755 1758 2798 vitas
1790 2756 2094 2800 excellentium

169 2823 359 2868 virorum
389 2825 434 2867 et
457 2821 721 2868 Graecorum
753 2828 798 2869 et
817 2825 1123 2880 Romanorum,
1156 2827 1394 2871 secundnm
1425 2826 1732 2871 similitudines
1753 2827 1960 2883 quasdam
1981 2840 2096 2872 com·

167 2897 358 2952 paratas,
390 2893 639 2951 descripsit,
671 2895 937 2942 Graecorum
970 2898 1146 2955 quidem
1176 2902 1380 2955 quattuor
1412 2902 1456 2943 et
1485 2899 1656 2955 viginti,
1688 2911 1715 2941 a
1745 2898 1916 2942 Theseo
1947 2903 1992 2942 et
2010 2899 2097 2956 Ly·

170 2977 305 3022 ourgo
337 2978 475 3022 usque
506 2966 562 3011 ad
590 2966 987 3026 Philopoemenem,
1018 2983 1147 3026 quem
1178 2971 1273 3028 ipse
1306 2970 1569 3014 Graecorum
1600 2970 1798 3014 ultimum
1828 2970 2032 3026 appellat.

287 3037 433 3081 Prima
463 3038 659 3083 historiae
689 3042 886 3096 periodus
922 3055 1061 3099 usque
1100 3042 1155 3086 ad
1191 3042 1378 3087 reditum
1409 3041 1759 3094 Heraclidarum,
1798 3043 1942 3097 gentis
1972 3043 2097 3086 initia

169 3111 216 3157 et
243 3109 372 3165 quasi
402 3110 634 3166 pueritiam
664 3114 915 3168 continens,
954 3114 1180 3172 poetarum
1213 3114 1369 3158 sabulis
1401 3114 1463 3157 ita
1492 3116 1702 3156 exornata
1732 3116 1821 3165 est,
1860 3117 1909 3157 ut
1940 3113 2097 3157 frustra

171 3178 352 3232 laboret,
383 3182 459 3237 qui
490 3194 633 3226 rerum
662 3185 890 3230 vei-statem
920 3187 974 3230 ab
1005 3187 1181 3243 ingenio
1213 3188 1437 3229 auctorum
1467 3188 1670 3228 accurate
1700 3184 1948 3229 discernere
1979 3185 2095 3229 velit.

172 3249 260 3295 Sed
291 3251 331 3295 si
361 3252 459 3307 quis
489 3256 720 3310 propterea
755 3269 1037 3314 quaecunque
1076 3258 1129 3302 de
1161 3258 1290 3300 rebus
1322 3257 1459 3313 gestis
1490 3269 1541 3300 ac
1574 3256 1903 3311 migrationibus
1934 3257 2097 3312 prisco·

172 3334 267 3365 rum
299 3322 476 3367 heroum
508 3324 668 3369 tradita
697 3331 814 3381 sunt,
853 3331 1070 3385 tamquam
1102 3328 1206 3372 ficta
1235 3328 1385 3386 procul
1416 3328 1471 3372 ab
1500 3327 1682 3371 historia
1709 3328 1969 3371 removenda
1998 3340 2096 3371 cen·

171 3397 280 3446 seat,
313 3407 574 3452 magnopere
603 3396 791 3451 fallatur,
821 3404 868 3444 et
898 3399 1138 3453 historiam,
1169 3412 1298 3456 quam
1328 3401 1434 3445 velit
1463 3414 1490 3443 a
1518 3399 1675 3444 fabulis
1705 3412 1903 3455 purgare,
1944 3399 2098 3444 firmis·

173 3466 297 3510 simis
337 3465 629 3513 fundamentis
667 3469 823 3526 privet.
888 3470 1040 3527 Neque
1079 3472 1194 3516 enim
1230 3472 1318 3516 ista
1355 3476 1458 3516 sunt
1494 3472 1717 3528 poetarum
1755 3470 1981 3527 figmenta,
2019 3471 2098 3515 sed

173 3536 302 3582 initia
331 3537 560 3594 historiae,
600 3553 698 3585 cum
730 3540 901 3587 Graeca
935 3554 1045 3599 gens
1084 3543 1166 3588 hoc
1197 3547 1297 3588 ante
1327 3547 1511 3597 ceteras,
1549 3556 1657 3600 quas
1688 3543 1909 3597 novimus,
1947 3555 2096 3587 omnes
