2392 4016
993 215 1219 269 *⁶351*ss

2024 217 2081 261 47

1768 373 1799 399 ι.
1807 361 1892 397 Chr.
1935 362 2082 406 Olymp.

207 408 316 452 adeo
346 421 483 466 regno
512 420 693 462 canens,
729 407 907 453 tandem
942 420 1039 452 eam
1071 411 1119 454 ut
1148 420 1249 452 sese
1280 407 1335 452 ab
1366 406 1462 451 eius
1493 408 1666 453 insidiis
1696 409 1747 453 li·

207 468 380 513 beraret
409 467 590 521 occidit,
633 440 713 512 se’d
752 467 839 511 cito
873 480 898 510 a
928 466 1088 523 populo
1122 466 1245 510 Alex.
1278 465 1445 510 eiectus
1477 468 1602 523 perit,
1635 469 1745 511 Ptol.

207 528 419 584 Lathyrum
449 540 474 571 e
505 526 602 584 Οῃι
602 539 650 571 ro
682 529 912 571 revocatur
1805 527 1863 571 89

147 586 442 639 Mithridates,
480 586 611 633 Posti
651 598 749 638 rex,
789 585 952 630 bellum
989 596 1090 629 cum
1119 583 1328 629 Romanis
1367 596 1526 640 gerens
1556 583 1746 629 Alexan-

207 645 330 689 drum
352 645 395 689 H
423 645 474 689 ιιι
500 643 564 689 Co
594 644 741 689 insula
769 645 950 697 invenit,
983 647 1106 701 parte
1136 643 1439 687 thesaurorum
1459 643 1632 700 spoliat,
1664 645 1745 687 sed

149 717 351 807 Intlgglild1¹
358 703 666 820 Grffffimhczlzgt
675 762 833 818 Apion,
866 761 1111 818 Physconis
1144 760 1355 804 naturalis
1386 759 1517 814 filius,
1555 762 1744 805 moriens
1805 702 1862 746 86

206 821 413 865 Romanis
445 824 707 866 testamento
738 821 928 877 reliquit.
990 819 1027 863 Ii
1061 819 1242 863 liberam
1273 832 1372 863 esse
1405 820 1558 863 iubent
1806 819 1862 863 96

147 879 236 924 Sed
267 893 364 923 cum
394 881 569 936 tyranni
601 880 842 924 existerent
866 892 917 923 ac
940 878 1194 932 seditiones,
1224 878 1270 921 in
1291 879 1541 935 provinciae
1564 878 1744 922 formam
1805 937 1863 980 75

206 938 299 982 redi
333 939 418 982 tur

147 997 262 1042 Ptol.
282 952 505 1054 Lgathyrus
530 1010 632 1041 cum
660 996 718 1042 36
739 1009 876 1041 anuos
908 1010 935 1040 a
963 999 1101 1041 morte
1129 996 1264 1052 patris
1286 1000 1532 1053 regnasset,
1563 997 1745 1040 meritur
1805 995 1858 1039 81

150 1057 377 1101 Successit
415 1057 455 1100 ei
487 1057 616 1100 unica
651 1055 742 1100 filia
772 1056 982 1113 legitimis
1024 1056 1189 1112 nuptiis
1228 1059 1437 1112 suscepta
1466 1055 1678 1099 Berenice
1709 1069 1745 1099 s.

207 1114 452 1172 Cleopatra,
473 1128 583 1172 qnae
598 1115 648 1159 L.
663 1114 810 1160 Sullae
826 1115 952 1159 iussu
966 1115 1116 1171 nupsit
1130 1114 1378 1158 Alexandro
1387 1114 1430 1158 II
1445 1113 1535 1158 filio
1556 1114 1746 1158 Ptol.IX

206 1174 458 1219 Alexandri.
512 1174 596 1228 Qui
625 1187 723 1219 cum
755 1187 935 1218 uxorem
967 1177 1015 1218 ut
1043 1187 1227 1231 regnum
1259 1174 1380 1217 solus
1400 1177 1583 1226 teneret,
1613 1173 1746 1217 inter·

206 1234 400 1287 emisset,
435 1234 504 1279 19.
536 1234 606 1278 die
636 1234 763 1290 regni
793 1234 863 1277 sui
894 1233 948 1277 ab
968 1232 1277 1277 Alexandrinis
1309 1233 1527 1289 supplicio
1556 1231 1744 1276 afficitur
1805 1232 1858 1276 81

146 1292 257 1336 Τιιιιι
298 1294 494 1337 extincta
530 1306 633 1337 vera
669 1292 1018 1336 Ptolemaeorum
1070 1293 1206 1348 stirpe
1248 1292 1458 1335 naturalis
1496 1292 1680 1348 Lathyri
1717 1291 1745 1334 f.

205 1352 463 1395 Ptolemaeus
491 1347 518 1395 ὃ
547 1353 652 1400 νόος
681 1347 906 1396 Διόνυσος
935 1365 972 1395 s.
1004 1352 1186 1404 Auletes,
1226 1364 1334 1407 puer
1364 1350 1392 1395 8
1424 1363 1633 1394 annorum
1663 1364 1744 1394 rex

205 1410 399 1467 Aegypti
429 1411 687 1463 instituitur,
717 1411 828 1455 alter
855 1411 1133 1454 Ptolemaeus
1166 1384 1357 1466 Cyprum
1390 1410 1552 1466 accipit
1805 1408 1859 1453 81

146 1468 383 1513 Dicebatur
420 1472 565 1513 tamen
603 1469 842 1512 Alexandri
881 1469 924 1512 11
961 1468 1270 1512 testamentum
1310 1481 1431 1521 esse,
1481 1481 1566 1524 quo
1605 1472 1744 1512 totum

203 1541 391 1630 {2⁶52ssss
422 1528 1052 1631 ιῗῖῗέἲὲοιὲἓέιηῗοέἱᾜῗ,
1071 1528 1466 1643 ἑῗὲἓῖἔὲξῖἳω
1487 1527 1747 1643 Ῑὲἓῖῗιῖιιῗέ
1806 1586 1864 1630 65

143 1645 235 1690 Sed
254 1645 436 1690 Auletes
467 1650 516 1690 ut
546 1660 573 1689 a
601 1648 757 1690 senatu
777 1646 902 1689 Rom.
934 1659 1013 1689 rex
1044 1649 1089 1689 et
1119 1646 1267 1690 socius
1289 1649 1554 1702 agnoscatur
1574 1647 1743 1703 ingenti

139 1740 141 1745 ,
203 1705 390 1760 ”cunia
419 1718 496 1762 per
529 1703 762 1749 Caesarem
793 1703 928 1748 efficit
1808 1704 1866 1748 59

145 1763 299 1807 Frater
339 1767 486 1807 tamen
525 1765 618 1809 eius
650 1764 950 1816 Ptolemaeus,
988 1763 1100 1807 alter
1139 1763 1298 1807 nothus
1330 1763 1575 1820 Physconis
1612 1762 1745 1816 filius,

205 1821 351 1879 Cypro
383 1823 609 1880 rogatione
641 1822 796 1867 Clodia
824 1824 1021 1879 privatur
1050 1834 1101 1865 ac
1134 1835 1215 1865 sua
1244 1835 1376 1866 manu
1404 1822 1526 1866 cadit
1804 1821 1862 1866 58

146 1880 327 1925 Auletes
338 1914 361 1951 ².
390 1883 493 1938 quia
521 1882 578 1927 ad
607 1881 947 1951 corrumpendos
978 1881 1271 1950 Rornanorum
1300 1882 1522 1938 principes
1553 1880 1745 1936 undique

150 1940 1096 2056 Suldzgldwfiffiemgssoffl'i'ffiffigdz
1116 1952 1201 2051 {fg
1203 1943 1333 2051 1girh.)
1362 2002 1408 2043 et
1426 1998 1640 2043 Berenice
1662 1996 1743 2051 (14
1806 1939 1865 1983 58

207 2056 342 2111 ann.)‚
374 2057 452 2102 sed
482 2058 560 2103 illa
587 2070 703 2103 anno
732 2060 835 2115 post
862 2061 1035 2102 mortua
1052 2057 1264 2102 Berenice
1296 2057 1392 2102 sola
1409 2060 1578 2114 regnat,
1610 2060 1749 2113 nupta

206 2117 406 2218 primuilinil
414 2116 600 2161 Seleuco
623 2116 892 2174 Cybiosacti,
925 2116 1027 2160 dein
1047 2115 1277 2170 Archelao,
1306 2116 1569 2161 Mithridatis
1601 2115 1746 2172 Eupa-

205 2175 313 2218 toris
394 2176 448 2219 ‘0.

149 2233 373 2277 Reductus
394 2233 574 2278 Auletes
605 2247 632 2277 a
652 2232 853 2279 Gabinio·
870 2245 1043 2291 procos.
1065 2233 1223 2290 Syriae
1253 2234 1423 2290 ingenti
1453 2233 1744 2290 pecuniaBe-

204 2292 382 2336 rmicen
411 2291 544 2336 filiam
575 2292 738 2337 occidit
1710 2315 1713 2318 ⁴
1809 2292 1867 2338 55

149 2350 329 2395 Moritur
357 2351 471 2396 Ptol.
499 2351 702 2406 Auletes,
741 2351 906 2395 relictis
944 2351 1114 2395 duabus
1153 2350 1256 2397 filiis
1289 2350 1523 2408 Cleopatra
1552 2355 1597 2396 et
1626 2350 1746 2396 Arsi-
1807 2352 1865 2397 52

203 2422 300 2463 noe,
331 2409 647 2468 duobusquep
651 2411 766 2455 ueris
797 2412 940 2454 aetate
974 2410 1228 2454 minoribus.

152 2468 372 2524 Cleopatra
411 2469 466 2513 16
498 2482 635 2514 anuos
666 2472 712 2514 et
739 2469 908 2526 aliquot
943 2482 1117 2513 menses
1156 2472 1260 2514 nata
1299 2482 1398 2514 cum
1435 2469 1568 2514 tratre
1600 2469 1744 2513 Ptole-

204 2539 328 2572 maeo
359 2526 443 2581 (12
474 2541 572 2572 ann.
582 2528 599 2581 >
631 2541 759 2586 reges
789 2529 1093 2572 instituuntur.

145 2585 257 2631 Rex
274 2586 463 2641 adultus,
493 2601 593 2631 cum
624 2588 744 2632 solus
774 2600 960 2644 regnare
989 2587 1135 2640 vellet,
1172 2586 1385 2630 ministris
1419 2599 1526 2631 usus
1555 2586 1767 2636 Pothinoq

206 2647 252 2689 et
279 2645 464 2701 Achilla,
497 2645 602 2691 Cleo
558 2649 778 2705 atnam
791 2645 858 2691 Ae
951 2648 997 2690 to
1027 2659 1082 2690 ex
1115 2645 1229 2706 ellit.
1261 2644 1377 2689 idem
1407 2645 1564 2690 iisdem
1595 2649 1772 2691 aucto-

204 2704 330 2807 ribus:
356 2660 757 2762 Pompeium
642 2719 699 2750 ex
728 2718 878 2763 pugna
942 2699 1072 2749 Barsa
1106 2718 1159 2748 ca
1175 2702 1426 2761 fugientem
1456 2704 1742 2750 occidendum
1802 2761 1862 2805 48

206 2775 311 2807 cura

151 2819 312 2868 Caesar
341 2822 528 2867 dictator
548 2822 823 2880 Cleopatram
843 2822 1033 2867 reducit.
1065 2821 1351 2866 Alexandrini
1372 2836 1470 2867 eum
1491 2809 1770 2880 oppugnant'

206 2881 318 2939 (quo
347 2884 541 2939 tempore
571 2882 836 2926 bibliotheca
865 2882 1006 2926 musei
1035 2881 1232 2934 ιιιιοιιιὶ·
1264 2882 1310 2927 ιιι
1341 2894 1394 2926 eo
1424 2882 1613 2927 tumultu
1643 2894 1743 2926 cum

204 2939 480 2985 Ptolemaeus
519 2942 657 2985 maior
694 2942 868 2985 occisus
908 2943 1047 2993 esset,
1085 2941 1226 2985 victor
1266 2940 1428 2986 Caesar
1467 2940 1742 2999 Cleopatram

206 3010 305 3043 cum
335 3001 502 3044 minore
530 3000 644 3046 Ptol.
663 3000 778 3045 XIII
805 3013 934 3058 reges
964 2999 1156 3044 instituit
1803 2997 1862 3043 48

149 3055 383 3116 Cleopatra
398 3059 574 3103 fratrem
596 3072 696 3104 cum
710 3059 985 3104 adolesceret
997 3058 1245 3104 necandum.
1255 3062 1392 3113 curat,
1413 3061 1569 3115 regnat
1584 3057 1741 3103 deinde

206 3129 305 3220 enfil
321 3117 454 3219 tfilio,
493 3131 622 3175 quem
652 3131 716 3163 ex.
740 3118 929 3167 Caesare
967 3121 1251 3176 conceperat,
1290 3118 1365 3174 qni
1397 3117 1633 3162 Caesarion
1669 3131 1743 3175 ap-
1802 3175 1862 3220 45

204 3188 260 3233 pe
295 3189 321 3219 a
342 3189 392 3219 ur

149 3232 257 3278 Post
296 3234 497 3279 Caesaris
535 3238 719 3280 mortem
757 3249 856 3281 cum
894 3235 1085 3280 Antonio
1123 3235 1349 3280 triumviro
1389 3234 1517 3279 Tarsi
1563 3235 1745 3279 familia·
1802 3235 1858 3278 41

206 3293 312 3336 riter
342 3293 621 3351 congreditur
659 3295 843 3352 eumque
881 3295 944 3338 ita
974 3295 1112 3351 capit,
1153 3297 1201 3337 ut
1231 3296 1276 3337 et
1307 3292 1522 3338 Arsinoen
1555 3294 1740 3338 interfici

207 3351 355 3395 iubeat
391 3355 436 3395 et
466 3350 762 3409 Cleopatram,
802 3353 1032 3410 repudiata
1060 3353 1242 3398 Octavia
1280 3364 1438 3407 uxore,
1477 3353 1621 3409 palam
1661 3365 1739 3410 pro

209 3423 344 3455 uxore
374 3410 543 3454 habeat.
572 3366 770 3463 (Eidem
800 3411 1108 3456 bibliothecam
1141 3412 1225 3455 Per
1329 3424 1454 3456 enam
1485 3410 1651 3465 donat.)

149 3466 318 3513 Bellum
351 3468 608 3526 Cleopatrae
643 3469 852 3515 indicitur
879 3483 907 3514 a
936 3473 1091 3515 senatu
1121 3483 1207 3529 pop
1255 3482 1367 3528 oque
1398 3470 1523 3516 Rom.
1587 3470 1740 3516 Classe

1948 526 2033 570 172
2053 526 2080 569 4

1950 995 2031 1038 174
2052 996 2081 1038 3

1949 1410 2031 1452 174
2055 1410 2082 1453 3

1950 2293 2030 2337 181
2055 2293 2082 2336 2

1950 2352 2032 2396 182
2053 2353 2082 2395 4

1946 2997 2076 3043 1831

206 3527 394 3573 vincitur
425 3528 550 3586 apud
569 3528 755 3574 Actium.
778 3528 819 3573 2.
841 3528 964 3587 Sept.
1803 3527 1857 3573 31
1945 3527 2026 3573 187
2051 3528 2077 3571 2
