2392 4016
350 184 409 228 46
1065 186 1281 236 Imperium
1313 187 1569 227 Graecorum.

351 375 521 418 Bellum
563 388 662 418 cum
701 373 918 419 Antiocho
957 375 1011 418 M.
1058 376 1222 431 geritur
1268 378 1321 419 de
1368 378 1648 434 possessione
1687 379 1941 422 PhOenices‚
1972 333 2094 367 acar.
2134 335 2278 377 onymp.

412 434 578 490 Scopas
602 433 783 477 Aetolus
816 446 913 477 cum
935 435 1130 477 exercitu
1158 436 1521 479 mercenariorum
1543 436 1789 481 Phoenicen
1813 438 1942 493 capit,

412 493 490 535 sed
511 492 718 536 redeunte
738 493 953 536 Antiocho
976 495 1121 536 omnia
1142 495 1312 537 amittit.
1362 495 1455 538 Pax
1475 497 1748 552 componitur
1770 510 1821 539 ea
1842 509 1942 540 con-

413 551 599 604 dicione,
632 553 683 594 ut
709 551 959 607 Epiphanes
982 551 1255 608 Cleopatram
1288 553 1443 609 Syram
1474 554 1618 607 ducat,
1651 568 1702 598 ac
1733 555 1846 599 dotis
1869 567 1944 598 no-

410 609 524 652 mi'ne
558 608 720 653 Coelen
752 610 923 666 Syriam
952 610 1122 654 habeat.
1183 612 1370 668 Nuptiae
1402 612 1691 656 conficiuntur
1764 616 1941 657 ineunte
1996 612 2080 657 193
2145 614 2227 657 146
2249 617 2276 657 4

350 666 625 711 Aristomene
655 671 798 711 tutore
828 668 947 711 fideli
977 670 1236 725 interempto
1269 671 1502 714 crudeliter
1532 685 1714 728 regnare
1744 673 1899 728 incipit
1998 671 2080 715 184

354 726 540 770 Crebros
581 727 791 770 tumultus
833 740 964 783 opera
994 730 1356 772 mercenariorum
1389 729 1654 774 Graecorum
1685 731 1943 788 comprimit,

412 786 490 828 sed
519 798 686 828 veneno
719 785 885 828 tollitur
916 785 986 828 29.
1020 789 1102 828 aet.
1599 819 1602 821 Α
1998 788 2077 831 181
2145 789 2229 832 149
2250 790 2278 832 4

350 843 454 886 Filii
484 842 739 899 superstites
770 845 879 886 Ptol.
893 845 959 886 VI
983 845 1230 887 Philometor
1260 848 1305 887 et
1323 845 1433 888 Ptol.
1446 847 1541 889 VII
1563 848 1791 902 Eucryetes
1822 848 1940 900 alter,

411 903 486 957 qui
517 903 699 958 Physcon
729 905 882 958 postea
913 903 1154 958 appellatus
1186 906 1271 956 est,
1301 905 1488 959 primum
1519 906 1600 949 sub
1631 906 1770 949 tutela
1801 909 1914 949 sunt.

354 958 447 1010 Quo
482 963 674 1016 tempore
703 960 945 1004 Antiochus
977 961 1240 1017 Epiphanes,
1273 963 1513 1007 avunculus
1545 977 1712 1020 regum,
1749 963 1943 1020 Aegypti

409 1019 540 1061 rebus
570 1018 850 1061 immiscetur.

353 1076 593 1119 Coronatur
622 1077 888 1119 Philometor
917 1089 1185 1132 regnumque
1217 1078 1308 1120 adit
1997 1082 2082 1125 174

353 1135 464 1177 Tum
480 1138 703 1178 coronato
733 1135 863 1177 etiam
884 1134 1104 1192 Euergeta
1133 1136 1259 1179 ambo
1279 1137 1435 1195 fratres
1457 1139 1743 1185 communiter
1762 1151 1944 1195 regnare

352 1197 759 1295 Aiitligizlhlulgltiratus
791 1252 836 1294 vi
856 1251 1109 1308 Aegyptum
1142 1252 1355 1296 subiicere
1388 1254 1472 1297 sibi
1503 1257 1577 1297 aut
1608 1254 1797 1311 spoliare
1828 1258 1946 1298 certe
1998 1198 2087 1242 ΠΟ
2146 1198 2229 1243 152
2252 1199 2279 1241 2

409 1324 536 1367 reges
568 1324 730 1354 conans
761 1311 980 1367 legatione
1010 1311 1136 1353 Rom.
1172 1311 1412 1355 deterretur
2000 1314 2084 1357 168

354 1370 548 1426 Septimo
580 1382 694 1412 anno
723 1371 849 1426 regni
879 1370 1123 1413 communis
1145 1370 1412 1414 Philometor
1441 1385 1467 1413 a
1496 1370 1628 1414 fratre
1659 1372 1825 1415 minore
1855 1371 1946 1427 pel-

411 1430 534 1482 litur,
574 1429 652 1471 sed
690 1442 788 1471 cum
826 1429 1007 1471 Romam
1047 1428 1255 1484 fugisset,
1300 1431 1448 1473 missis
1488 1430 1645 1486 legatis
1683 1431 1942 1483 restituitur,

410 1501 677 1544 regnumque
706 1488 770 1530 ita
799 1487 1004 1531 dividitur
1033 1490 1082 1530 ut
1111 1488 1350 1544 Euergetes
1385 1488 1584 1544 Cyrenen
1615 1489 1773 1532 habeat
1806 1523 1810 1526 .
1998 1490 2081 1533 164
2144 1490 2228 1534 154
2253 1490 2279 1532 2

352 1548 557 1602 Physcon
594 1559 764 1602 quoque
800 1546 981 1588 Romam
1018 1546 1239 1602 profectus
1278 1547 1367 1600 bis,
1409 1560 1446 1589 a.
1489 1547 1572 1590 162
1614 1550 1659 1590 et
1699 1561 1736 1590 a.
1771 1547 1858 1591 154
1895 1551 1944 1590 ut

413 1605 583 1661 Cyprus
621 1605 766 1647 insula
812 1617 916 1647 suae
954 1606 1145 1660 portioni
1189 1605 1372 1648 addatur
1407 1607 1633 1662 impetrat,
1679 1619 1760 1650 nec
1798 1610 1943 1650 tamen

411 1677 503 1706 rem
532 1664 662 1706 armis
695 1663 864 1706 efficere
895 1666 1052 1718 potest.

352 1723 615 1765 Philometor
636 1722 789 1777 Syriae
819 1722 948 1764 rebus
979 1734 1026 1764 se
1046 1722 1276 1774 immiscet,
1306 1721 1439 1765 filiam
1462 1722 1736 1778 Cleopatram
1755 1723 1943 1778 primum

409 1780 658 1824 Alexandro
688 1780 836 1833 Balae,
868 1780 968 1822 dein
1000 1793 1098 1822 cum
1130 1793 1265 1881 ἶθηθι·
1295 1793 1382 1823 non
1411 1781 1606 1836 placeret
1625 1781 1846 1825 Demetrio
1867 1781 1943 1824 Ni-

410 1840 546 1882 catori
591 1841 772 1895 nuptum
819 1838 905 1881 dat.
975 1838 1087 1881 Dum
1164 1849 1250 1882 unc
1289 1838 1414 1895 Syris
1462 1840 1648 1895 imponit
1690 1840 1942 1883 vulneratus

409 1899 590 1940 moritur
1822 1919 1830 1924 ·

353 1956 447 2009 Quo
477 1956 592 1999 facto
622 1956 733 1998 Ptol·
751 1955 846 1997 VII
869 1955 1055 2011 Physcon
1086 1968 1109 1998 e
1142 1954 1287 2011 Cypro
1317 1966 1521 1999 reversus
1549 1953 1742 2013 Aegy-pti
1770 1969 1850 1999 rex
1878 1955 1942 2009 fit,

412 2015 543 2058 ducta
577 2014 722 2057 fratris
761 2014 892 2057 vidua
930 2014 1166 2070 eademque
1205 2025 1352 2057 sorore
1390 2024 1543 2071 regum
1568 2013 1825 2071 Cleopatra,
1865 2014 1944 2058 sed

409 2074 456 2116 in
491 2073 600 2129 ipsis
641 2073 805 2128 nuptiis
844 2072 989 2115 fratris
1026 2071 1165 2115 filium
1203 2072 1351 2124 (cuius
1389 2075 1648 2128 praeceptor
1676 2074 1946 2117 Aristarchus
1997 2071 2082 2116 145

410 2132 547 2174 fuisse
568 2130 766 2182 traditur)
787 2131 1011 2183 interimit,
1042 2143 1146 2173 mox
1164 2131 1560 2186 repudiata-uxore,
1593 2132 1793 2175 eiusdem
1808 2131 1943 2175 filiam

412 2189 712 2245 (Cleopatram
741 2189 891 2232 itidem
923 2189 1122 2239 nomine)
1152 2189 1198 2231 in
1227 2189 1549 2232 matrimonium
1580 2191 1772 2234 asciscit.

351 2247 422 2291 Ad
450 2249 561 2291 hanc
591 2249 824 2290 immanem
851 2247 1025 2291 beluam
1049 2247 1198 2303 Scipio
1217 2245 1448 2290 Africanus
1479 2248 1650 2303 legatus
1679 2249 1812 2302 venit,
1843 2261 1942 2292 cum

1997 1897 2081 1940 146
2145 1895 2229 1940 158
2250 1896 2277 1939 2

382 2330 384 2332 >
413 2307 570 2351 comite
602 2307 810 2349 Panaetio
841 2305 1010 2348 Rhodio
1040 2305 1299 2362 philosopho
1330 2305 1481 2349 Stoico
1996 2305 2080 2349 143

352 2365 635 2468 Alglotgfflrsini
663 2366 939 2421 Physconem
976 2365 1221 2420 expellunt,
1263 2363 1537 2421 Cleopatram
1573 2364 1771 2421 reginam
1811 2376 1944 2420 agno-
1996 2421 2080 2465 132
2143 2421 2226 2464 162
2248 2421 2278 2464 4

355 2483 444 2527 Sed
473 2483 587 2526 redit
617 2494 714 2524 cum
746 2481 942 2523 exercitu
973 2493 996 2523 e
1029 2479 1189 2536 CyprO,
1226 2482 1270 2523 et
1301 2493 1399 2524 cum
1432 2480 1663 2537 Cleopatra
1692 2481 1738 2523 in
1769 2480 1942 2536 Syriam

412 2542 467 2585 ad
496 2540 763 2584 Demetrium
789 2539 1046 2590 'Nicatorem
1075 2539 1275 2595 fugisset,
1307 2553 1407 2582 cum
1438 2540 1552 2595 Syro
1582 2541 1745 2583 bellum
1776 2540 1901 2596 gerit.
1994 2538 2078 2582 127

352 2601 442 2649 Eae
462 2601 614 2644 turbae
636 2600 973 2654 componuntur:
998 2597 1229 2654 Cleopatra
1249 2610 1347 2641 cum
1368 2599 1522 2641 marito
1543 2599 1588 2641 in
1611 2599 1794 2655 gratiam
1814 2598 1942 2651 redit,

411 2659 622 2703 Demetrii
659 2657 878 2700 Nicatoris
916 2656 1032 2699 filius
1071 2656 1312 2699 Antiochus
1353 2656 1527 2713 Grypus
1566 2658 1612 2700 in
1647 2657 1782 2714 *Syria
1817 2657 1942 2700 insti·

411 2720 560 2771 tuitur,
593 2717 796 2771 ducitque
826 2728 1007 2758 uxorem
1037 2715 1280 2771 Physconis
1310 2715 1444 2758 filiam
1477 2716 1566 2772 Try
1598 2716 1781 2759 hasnam
1996 2714 2079 2757 126

353 2778 533 2820 Moritur
553 2777 758 2832 Physcon
791 2774 852 2825 (in
881 2777 1003 2817 tanta
1022 2774 1333 2818 inhumanitate
1354 2777 1500 2818 tamen
1521 2791 1570 2832 φι
1598 2771 1762 2834 ολόγου
1782 2769 1943 2831 cogno-

412 2837 528 2878 mine
559 2832 763 2886 ornatus)
794 2832 865 2876 54.
897 2833 1022 2888 regni
1053 2846 1165 2876 anno
1996 2831 2078 2875 117
2143 2831 2226 2876 165
2248 2832 2276 2875 3

356 2895 561 2950 Sequitur
592 2906 702 2936 uxor
733 2891 964 2947 Cleopatra
1002 2903 1101 2933 cum
1143 2904 1194 2934 eo
1235 2891 1423 2934 filiorum
1462 2904 1590 2947 quem
1628 2893 1727 2948 ipsa
1763 2892 1941 2948 legerit;

413 2954 598 3009 primum
627 2952 762 3007 igitur
780 2950 931 3006 populi
950 2949 1172 2993 voluntate
1192 2951 1398 2992 maiorem
1429 2951 1538 2993 Ptol.
1551 2952 1671 2993 VIII
1694 2951 1876 2994 Soterem
1891 2951 1949 2992 II

415 3013 507 3055 sive
537 3013 764 3066 Lathyrum
793 3010 916 3065 legit.
983 3007 1179 3051 Alterum
1208 3008 1344 3051 filium
1375 3007 1669 3051 Alexandrum
1701 3008 1846 3064 Cypro
1877 3009 1942 3051 in·

414 3071 535 3114 sulae
565 3069 775 3126 praeficit,
806 3068 881 3123 qui
908 3068 1095 3111 triennio
1124 3069 1226 3123 post
1255 3067 1318 3110 ibi
1345 3068 1513 3122 regium
1543 3080 1702 3110 nomen
1733 3068 1880 3110 sumit.

356 3130 484 3174 Soter
513 3141 693 3172 uxorem
716 3127 988 3182 Cleopatram
1020 3126 1285 3182 eandemque
1306 3138 1499 3169 sororem
1518 3126 1746 3182 repudiare
1768 3127 1940 3182 cogitur
1992 3125 2077 3169 116
2141 3125 2226 3169 165
2247 3126 2276 3168 4

356 3189 469 3231 Tum
498 3189 677 3231 alteram
708 3198 900 3229 sororem
933 3185 1119 3228 Selenen
1147 3185 1199 3245 in!
1221 3185 1542 3228 matrimonium
1573 3185 1696 3228 ducit
1994 3185 2079 3228 1-14
2142 3185 2225 3227 166
2246 3184 2273 3227 2

357 3248 446 3292 Sed
475 3260 572 3290 eum
602 3248 740 3288 mater
770 3247 815 3287 et
843 3256 978 3286 uxore
1010 3246 1054 3286 et
1082 3255 1217 3300 regno
1246 3244 1388 3299 privat
1426 3246 1469 3286 et
1501 3243 1692 3300 Cyprum
1724 3243 1938 3297 amandat,

415 3319 526 3350 cum,
543 3306 707 3348 minore
736 3304 847 3346 Ptol.
869 3303 949 3344 IX
972 3302 1208 3351 Alexandro
1228 3303 1260 3344 I
1282 3305 1439 3359 regnat
1467 3303 1520 3345 ab
1552 3316 1590 3345 a.
1994 3300 2076 3344 107
2141 3300 2225 3344 1168
2247 3301 2273 3343 2

356 3365 468 3407 Dum
501 3365 628 3407 Soter
658 3364 704 3406 in'
735 3362 864 3418 Syria
893 3364 1109 3415 versatur,
1147 3374 1329 3417 regnum
1358 3360 1565 3417 Aegypti
1590 3363 1940 3418 recuperaturus,

416 3423 646 3478 Cleopatra
682 3423 885 3477 nepotem
924 3432 1071 3472 suum,
1111 3419 1403 3463 Alexandrum
1435 3420 1498 3473 II,
1538 3433 1636 3464 cum
1666 3420 1818 3463 matris
1848 3421 1940 3463 the—

416 3483 554 3523 sauris
589 3481 691 3524 Cois
723 3478 992 3523 educandum
1021 3478 1155 3521 tradit
1830 3499 1835 3503 ·
1994 3476 2078 3520 103

356 3540 468 3584 Ptol.
497 3539 565 3583 IX
594 3538 720 3582 Alex.
753 3537 978 3583 contendit
1006 3550 1105 3581 cum
1135 3539 1285 3590 matre,
1315 3549 1393 3592 per
1422 3537 1655 3580 triennium
1686 3535 1938 3589 (102-99)
