2392 4016
356 231 413 279 72

356 380 486 414 mehr.
553 361 600 411 ’.
639 401 647 411 .

388 601 475 646 309

389 1073 476 1117 308

392 1543 478 1587 307

391 1839 477 1882 306

397 2366 483 2412 305

382 2604 484 2648 ,304

403 3480 489 3523 303

555 599 643 645 445

555 1071 643 1114 446

559 1541 646 1585 447

558 1837 646 1880 448

563 2367 650 2411 449

1116 227 1293 269 Annales
1321 227 1492 267 Romani

751 435 778 466 a
796 421 1028 466 Nucerinis
1059 420 1361 464 detrimentum
1394 421 1634 476 acceperat,
1665 422 1709 462 et
1736 418 1830 475 ipse
1861 430 1951 460 cos.
1974 417 2159 459 Marcius
2183 429 2280 460 cum

751 482 876 526 initio
906 495 997 524 rem
1027 481 1137 523 bene
1170 481 1395 535 gessisset,
1428 493 1453 521 a
1485 478 1751 522 Samnitibus
1783 478 1923 520 victus
1957 479 2000 519 et
2030 476 2281 518 vulneratus

751 542 855 585 erat.
917 540 1068 596 Itaque
1100 541 1223 581 iussu
1255 541 1431 582 senatus
1464 552 1489 580 a
1519 538 1653 581 Fabio
1683 557 1688 566 ¹

703 600 757 644 L.
798 601 998 655 Papirius
1042 599 1191 641 Cursor
1221 599 1277 639 II
1311 599 1406 640 dict.
1447 597 1626 650 dicitur,
1678 597 1722 639 C.
1757 597 1900 638 Iunius
1931 595 2043 636 Bub.
2086 595 2141 636 II
2175 610 2281 648 may.

752 658 839 714 eq.)
897 659 1001 715 Pap.
1035 671 1132 701 cum
1166 658 1289 700 novis
1321 657 1436 712 legg.
1468 656 1710 713 Longulam
1751 655 1803 697 ad
1835 654 2040 696 Marcium
2075 653 2282 708 pervenit,

755 718 973 762 Samnites
1005 715 1221 773 profligat,
1253 714 1522 772 triumphans
1553 716 1597 758 in
1629 715 1776 757 urbem
1807 713 1932 756 redit.
1994 712 2155 754 Fabius
2188 724 2284 767 pro·
2316 718 2321 721 ’

751 779 903 834 rogato
933 777 1036 832 imp.
1057 775 1282 828 Etruscos,
1315 778 1485 818 sacrata
1515 775 1612 830 lege
1634 776 1823 825 coactos,
1856 775 1901 815 et
1922 771 2106 814 Umbros
2129 771 2285 814 iterum

755 836 899 880 caedit
929 839 972 879 et
1002 835 1185 878 Perusia
1215 836 1342 890 capta
1373 834 1428 877 ad
1458 846 1609 890 pacem
1642 831 1872 889 petendam
1905 831 2054 886 adigit.

709 896 815 948 (Res
845 908 882 934 a.
917 896 1000 934 310
1034 899 1075 933 et
1106 895 1188 934 309
1223 898 1358 943 gestas
1385 893 1528 933 Livius
1559 893 1663 932 male
1683 893 1906 931 vad-unum
1936 902 2086 928 annum
2116 889 2284 935 rettulit,
2372 904 2377 908 ·

752 957 803 993 cf.
835 956 876 1002 9,
911 956 964 994 36
997 958 1039 992 et
1069 965 1158 1001 cap.
1190 954 1245 991 40
1279 958 1382 992 extr.
1449 951 1590 991 Annos
1621 953 1815 990 dirimunt
1843 951 1940 988 fasti
1973 948 2195 999 Capitolini
2227 960 2286 986 re-

752 1025 922 1060 rumque
953 1016 1156 1060 gestarum
1187 1009 1322 1062 ordo.)

708 1070 808 1114 Cos.
846 1070 896 1118 Q.
926 1071 1084 1112 Fabius
1114 1069 1338 1111 Rullianus
1367 1068 1451 1110 III
1453 1099 1465 1121 ,
1513 1069 1564 1109 P.
1603 1069 1759 1110 Decius
1789 1067 1888 1109 Mus
1908 1065 1998 1116 II.)
2059 1066 2164 1108 Fab.
2197 1064 2286 1108 Nu-

754 1129 914 1172 ceriam
943 1129 990 1171 in
1023 1127 1260 1183 Campania
1289 1127 1343 1169 ad
1375 1126 1638 1170 deditionem
1669 1125 1820 1181 adigit,
1849 1125 1898 1168 in
1919 1125 2096 1168 Samnio
2119 1125 2286 1167 Marsos

754 1201 805 1231 ac
838 1187 1061 1243 Pelignos,
1080 1187 1169 1242 ,qui
1200 1199 1247 1229 se
1278 1185 1479 1229 hostibus
1508 1185 1810 1247 adiunxerant,
1841 1183 2052 1226 devincit:
2088 1183 2287 1226 Etruscis

754 1247 917 1290 Decius
943 1246 1148 1289 inducias
1181 1258 1346 1288 annuas
1386 1243 1585 1297 dederat,
1625 1243 1705 1287 sed
1738 1243 1794 1286 ab
1826 1242 1999 1285 Umbris
2032 1242 2194 1285 bellum
2223 1256 2287 1284 re-

755 1308 956 1349 novatur:
989 1305 1228 1348 exercitum
1248 1305 1430 1347 Romam
1460 1304 1654 1359 rapiunt:
1683 1301 1905 1358 praesidet
1934 1301 2031 1344 urbi
2054 1301 2214 1344 Decius
2243 1302 2289 1343 in

755 1377 860 1422 agro
899 1365 1156 1420 Pupiniensi
1193 1377 1327 1420 prope
1370 1363 1622 1406 Tusculum.
1692 1361 1856 1404 Fabius
1894 1361 2061 1403 accitus
2099 1361 2146 1402 in
2186 1360 2288 1404 Um-

755 1425 903 1468 briam¹
923 1423 1228 1480 proficiscitur,
1265 1423 1414 1466 hostes
1446 1422 1501 1465 ad
1529 1421 1772 1465 Mevaniam
1800 1419 2017 1476 profligat,
2056 1433 2289 1475 eorumque

758 1484 958 1527 civitates
990 1484 1035 1525 in
1066 1482 1329 1526 deditionem
1359 1481 1533 1538 accipit.

710 1541 810 1586 G-os.
851 1542 959 1596 App.
1006 1542 1203 1584 Claudius
1240 1539 1469 1594 (Caecus),
1517 1541 1571 1582 L.
1598 1539 1832 1582 Volumnius
1872 1539 2060 1581 Flamma
2084 1536 2287 1588 Violens.)

754 1597 1014 1645 Volumnius
1053 1600 1260 1644 adversus
1293 1600 1559 1643 Sallentinos
1597 1611 1689 1641 rem
1718 1599 1844 1655 gerit.
1913 1598 2075 1641 Fabius
2116 1610 2287 1653 procos.

757 1660 813 1702 ad
842 1659 998 1703 Allifas
1031 1660 1249 1703 Samnites
1289 1660 1369 1703 sub
1399 1660 1550 1715 iugum
1589 1658 1736 1711 mittit,
1774 1657 1986 1699 Hernicos
2018 1657 2064 1699 in
2096 1657 2287 1699 exercitu

756 1719 947 1762 hostium
986 1722 1182 1774 repertos
1225 1718 1280 1761 ad
1317 1718 1615 1774 quaestionem
1645 1717 1827 1759 Romam
1857 1717 2003 1775 mittit.
2073 1715 2201 1758 Cens.
2233 1716 2288 1758 M.

756 1778 959 1821 Valerius
990 1777 1203 1820 Maximus
1237 1777 1284 1820 C.
1317 1777 1468 1820 Iunius
1499 1777 1723 1820 Bubulcus
1753 1775 1915 1818 Brutus
1935 1773 2096 1826 ‘(lustr.
2131 1773 2228 1827 27).

708 1836 809 1880 Cos.
851 1837 902 1878 P.
949 1837 1158 1879 Cornelius
1186 1835 1370 1889 Arvina,
1425 1836 1472 1884 Q.
1515 1836 1703 1877 Marcius
1738 1833 1987 1884 Tremulus.)
2055 1834 2291 1889 Propterea

756 1896 959 1948 Hernici,
992 1897 1038 1938 in
1067 1896 1220 1951 primis
1250 1895 1492 1951 Anagnini,
1522 1894 1757 1946 rebellant,
1800 1894 1929 1936 simul
1961 1893 2178 1936 Samnites
2210 1892 2290 1935 Ca·

756 1954 903 1997 latiam
937 1957 980 1997 et
1011 1955 1164 1998 Soram
1195 1956 1459 2010 expugnant,
1500 1953 1579 1997 sed
1609 1955 1653 1996 et
1682 1953 1862 2007 Hernici
1900 1965 2002 1994 mox
2032 1953 2078 1994 in
2109 1951 2290 1994 deditio-

757 2027 856 2056 nem
886 2015 1066 2056 veniunt
1097 2014 1270 2065 (eorum
1301 2013 1488 2057 concilia
1515 2013 1818 2070 prohibentur,
1859 2010 2103 2069 Anagninis
2135 2012 2288 2054 civitas

758 2074 852 2115 sine
892 2073 1100 2129 suffragio
1139 2073 1286 2125 datur,
1325 2073 1420 2116 Liv.
1456 2072 1535 2125 10,
1570 2071 1636 2125 l),
1676 2073 1720 2114 et
1751 2071 1968 2114 Samnites
2009 2085 2035 2113 a
2065 2083 2154 2113 cos.
2194 2084 2290 2126 pre-

670 2160 673 2164 ·
757 2134 945 2174 muntur.
1015 2132 1176 2174 Marcio
1218 2134 1362 2175 statua
1399 2132 1613 2187 equestris
1654 2133 1752 2173 ante
1793 2129 1988 2173 Castoris
2028 2130 2288 2182 decernitur,

761 2190 852 2233 Cic.
884 2190 995 2233 Phil.
1029 2191 1070 2243 6,
1103 2190 1143 2234 5.
1207 2190 1316 2233 Cum
1349 2190 1781 2247 Carthaginiensibus
1819 2189 1973 2232 foedus
2006 2190 2134 2232 tertio
2166 2202 2291 2232 reno-

761 2251 920 2292 vatum.
986 2249 1269 2292 Comitiorum
1300 2263 1433 2292 causa
1462 2250 1511 2292 P.
1546 2249 1773 2292 Cornelius
1806 2248 1954 2303 Scipio
1988 2248 2104 2300 dict„
2137 2248 2185 2290 P.
2208 2249 2291 2291 De-

762 2309 855 2351 cius
886 2308 981 2351 Mus
1012 2322 1126 2363 mag.
1158 2321 1224 2364 eq.

714 2366 815 2410 Cos.
849 2368 901 2409 L.
934 2369 1166 2410 Postumius
1195 2368 1413 2423 Meyellus,
1451 2367 1541 2410 Tib.
1576 2367 1783 2409 BIinucius
1812 2365 2092 2422 Auqurinus.)
2152 2365 2292 2409 Ambo

762 2439 851 2470 cos.
884 2422 993 2470 alter
1023 2440 1046 2470 e
1079 2426 1337 2483 Campania,
1378 2426 1552 2469 altera
1582 2438 1740 2482 supero
1780 2426 1890 2468 mari
1922 2426 2139 2469 Samnites
2178 2426 2292 2468 bello

677 2494 681 2500 ’
758 2487 925 2541 petunt.
985 2486 1226 2529 Bovianum
1265 2486 1454 2542 capitur,
1494 2486 1703 2542 recipitur
1735 2484 1867 2538 Sora,
1908 2483 2142 2541 Arpinum,
2184 2484 2293 2528 Cen-

759 2545 924 2588 sennia.

564 2592 654 2648 450
715 2603 815 2648 Cos.
847 2604 898 2646 P.
921 2604 1136 2659 Sulpicius
1155 2605 1369 2657 Saverrio,
1401 2604 1450 2646 P.
1472 2604 1734 2658 Sempronius
1754 2602 1958 2658 Sophus.)
2011 2602 2293 2656 Samnitibus,

761 2666 971 2719 perpetuo
991 2664 1109 2707 bello
1130 2664 1367 2716 exhaustis,
1399 2662 1552 2706 foedus
1575 2663 1798 2718 antiquum
1817 2662 2011 2705 redditur
2030 2663 2292 2718 petentibus.

763 2722 876 2765 Tum
905 2723 1053 2776 Aequi,
1094 2723 1431 2766 cum›Hernicis
1471 2722 1583 2765 clam
1621 2721 2140 2778 populieRomss‘hostes,
2178 2722 2293 2764 bello

665 2832 679 2840 „
762 2781 889 2837 petiti
919 2784 962 2824 et
991 2783 1050 2824 ad
1078 2784 1378 2824 internecionem
1393 2798 1524 2836 paene
1545 2782 1667 2823 deleti
1697 2778 1877 2833 (Liv.'9,
1899 2780 1997 2832 45).
2046 2781 2293 2833 Marrucini,

762 2839 907 2892 Marsi,
938 2840 1122 2896 Peligni,
1154 2841 1361 2883 Frentani
1390 2841 1608 2896 perterriti
1638 2840 1790 2883 foedus
1820 2842 1987 2896 petunt.

824 2897 902 2940 Cn.
932 2898 1125 2952 Flavius,
1166 2900 1358 2942 libertini
1386 2899 1461 2952 fil„
1501 2899 1576 2955 qui
1607 2899 1750 2942 scriba
1778 2899 1940 2954 fuerat,
1983 2898 2110 2941 civile
2147 2899 2216 2940 ius
2248 2899 2294 2940 in

761 2957 1056 3011 penetralibus
1088 2958 1339 3013 pontificum
1371 2958 1562 3014 positum
1602 2959 1778 3013 evulgat
1815 2958 2038 3013 fastosque
2076 2958 2291 3012 proponit,

764 3017 813 3057 ut
843 3016 1013 3070 quando
1043 3015 1141 3072 lege
1173 3017 1245 3072 agi
1274 3018 1429 3072 possit,
1459 3018 1634 3059 sciatur.
1683 3015 1824 3067 Quare
1851 3017 1992 3072 gratia
2010 3016 2150 3071 plebis
2172 3019 2296 3070 parta

763 3074 1047 3117 nobilissimis
1069 3076 1312 3118 hominibus
1334 3076 1579 3131 praeteritis
1601 3074 1694 3117 aed.
1718 3088 1806 3118 cur.
1828 3074 1878 3117 fit
1893 3075 2062 3130 collega
2079 3074 2127 3125 Q.
2138 3073 2294 3117 Anicio

765 3133 1065 3187 Praenestino,
1097 3135 1172 3189 qui
1202 3135 1353 3189 paucis
1385 3136 1484 3176 ante
1516 3135 1640 3177 annis
1671 3134 1812 3177 hostis
1833 3133 1985 3186 fuerat,
2017 3133 2293 3188 additumque

765 3192 930 3244 Flavio,
964 3195 1011 3235 ut
1042 3193 1171 3236 simul
1200 3193 1300 3235 trib.
1331 3193 1389 3248 pl.
1424 3195 1542 3236 esset
1570 3191 1698 3245 (Plin.
1730 3192 1801 3246 33,
1838 3191 1927 3243 17).

826 3250 1040 3294 Censores
1069 3252 1152 3295 hoc
1184 3264 1295 3294 anno
1327 3254 1429 3295 sunt
1460 3251 1509 3303 Q.
1541 3252 1702 3295 Fabius
1734 3252 1961 3294 Rullianus
1994 3253 2037 3293 et
2066 3251 2115 3293 P.
2132 3251 2292 3295 Decius

688 3366 690 3368 Ι
766 3309 875 3352 Mus.
909 3308 1059 3362 (lustr.
1092 3309 1174 3361 28)
1203 3311 1260 3360 Q.
1278 3312 1448 3353 Fabius
1487 3324 1657 3354 omnem
1687 3311 1903 3354 forensem
1933 3310 2101 3352 turbam
2131 3310 2294 3353 liberti-

766 3381 919 3411 norum
949 3369 994 3411 in
1025 3370 1053 3411 4
1083 3370 1223 3413 tribus
1254 3370 1441 3412 urbanas
1475 3370 1665 3422 coniicit,
1697 3370 1751 3412 ob
1772 3369 1817 3411 id
1839 3369 2018 3411 Maximi
2037 3370 2292 3424 cognomine

767 3429 957 3470 ornatus.
1004 3427 1071 3470 Ab
1102 3429 1253 3470 eodem
1273 3430 1536 3472 transvectio
1559 3429 1751 3484 equitum
1772 3428 1834 3470 Id.
1859 3427 2028 3479 Quinct.
2049 3428 2262 3470 instituta.

568 3480 652 3524 451
718 3485 816 3529 Cos.
849 3487 903 3528 L.
941 3486 1142 3529 Genucius
1180 3489 1482 3540 Aventinensis,
1531 3488 1623 3530 Ser.
1661 3488 1868 3529 Cornelius
1896 3485 2134 3536 Lentulus.)
2212 3485 2293 3528 Co-

767 3545 909 3588 loniae
939 3545 1034 3588 Lat.
1075 3546 1346 3590 deducuntur
1374 3545 1530 3590 Albam
1566 3547 1612 3589 in
1642 3546 1817 3597 Marsis,
1857 3545 2010 3589 Soram
2039 3545 2085 3587 in
2105 3544 2292 3605 Volscis,
