2392 4016
342 166 425 209 176

341 531 426 582 286

343 826 427 870 287

342 1117 429 1162 288

344 1353 429 1396 289

346 1529 434 1573 290

346 1823 429 1866 291

346 1941 430 1983 292

283 2692 285 2694 ,
348 2649 434 2693 293

350 2943 437 2987 294

351 3061 437 3106 295

423 333 434 344 .
491 320 524 343 u.
541 318 572 343 c.
639 309 727 350 imp.

492 530 603 574 1039
694 530 722 574 3

494 824 608 869 1040
696 824 725 867 4

495 1117 605 1160 1041
699 1116 726 1160 5

494 1339 606 1396 1042
699 1352 724 1395 6

497 1529 609 1573 1043
702 1530 728 1572 7

496 1823 610 1867 1044
700 1822 727 1867 8

496 1941 609 1985 1045
702 1941 727 1984 9

498 2649 610 2692 1046
674 2648 729 2691 10

500 2942 611 2987 1047
677 2942 727 2985 11

501 3061 616 3105 1048
679 3060 732 3103 12

1109 164 1288 203 Annales
1320 165 1490 202 Romani

822 360 1020 395 manum
1052 347 1425 405 (Huncnuum),
1456 351 1673 395 hominem
1705 353 1945 409 agrestem,
1977 349 2056 393 sed
2085 349 2263 394 militiae

820 412 1030 468 peritum,
1080 424 1129 454 ac
1173 411 1257 454 sibi
1295 410 1488 464 fidelem,
1529 409 1729 454 Caesaris
1778 410 1989 466 dignitate
2030 412 2175 462 ornat,
2221 412 2265 452 et

822 470 925 514 illuc
958 470 1149 513 dimittit.

784 528 884 573 Cos.
916 529 970 572 M.
1002 529 1152 572 Iunius
1180 527 1393 570 Maximus
1425 526 1482 579 II,
1513 526 1686 570 Vettius
1717 525 1982 582 Aquilinus.)
2043 526 2264 568 Maximia-

822 601 939 641 num,
972 588 1100 630 victis
1131 586 1367 643 Bagaudis,
1399 586 1583 629 Dioclet.
1607 586 1853 629 securitatis
1885 585 2084 641 publicae
2118 597 2264 637 causa,

825 646 918 690 Cal.
949 645 1085 702 April.
1116 645 1397 689 Nicomediae
1426 645 1656 700 Auqustum
1694 646 1900 697 declarat,
1940 647 1983 687 et
2019 644 2264 699 provincias

824 705 1096 774 Cecidentis,
1147 718 1172 747 a
1210 705 1319 748 mari
1355 705 1476 748 Ionio
1517 706 1561 747 et
1597 703 1731 746 Drino
1769 702 1922 756 fluvio,
1962 715 2060 745 cum
2099 714 2264 745 summo

788 764 1386 879 oizi-pffiltgegzaffiuilifietht
1414 821 1698 874 Maximiano,
1738 820 1840 863 dum
1870 820 2042 863 Maxim.
2059 818 2264 878 xGralliam

826 883 879 925 ab
908 882 1268 938 impressionibus
1293 881 1605 924 Germanorum
1626 879 1830 932 defendit,
1867 879 2104 931 CarausiuS,
2136 878 2268 921 classi

824 941 1044 983 Romanae
1076 943 1226 984 contra
1254 941 1417 996 piratas
1447 940 1640 983 Francos
1673 942 1717 981 et
1747 938 1944 982 Saxones
1976 938 2267 994 praepositus,
2356 946 2361 950 ·

825 998 1024 1042 Bononia
1054 998 1328 1054 (Boulogne>
1366 1000 1412 1041 in
1442 998 1711 1042 Britanniam
1749 998 2062 1050 transvehitur,
2102 1000 2146 1039 et
2182 997 2268 1053 pri-

826 1059 925 1100 vato
957 1058 1141 1100 consilio
1171 1057 1475 1113 imperatorem
1507 1059 1551 1099 et
1580 1056 1827 1112 Augustum
1858 1069 1906 1100 se
1937 1056 2140 1099 declarat.

787 1116 896 1171 Imp.
934 1115 1222 1158 Maximianus
1278 1115 1552 1159 consulatum
1604 1114 1842 1157 secundum
1888 1128 1986 1157 cum
2029 1115 2267 1171 Pomponio

826 1175 1027 1218 Ianuario
1060 1174 1252 1217 Treviris
1282 1175 1378 1227 init,
1410 1173 1647 1228 eodemque
1679 1186 1808 1225 anno,
1840 1172 1942 1214 dum
1971 1173 2267 1215 Diocletianus

736 1258 744 1260 κ
826 1234 874 1276 in
894 1234 1073 1277 Raetiae
1103 1233 1263 1277 finibus
1293 1233 1456 1277 bellum
1477 1233 1603 1289 gerit,
1632 1232 1728 1288 ipse
1748 1231 1948 1274 Rhenum
1967 1234 2268 1288 transgressus

829 1292 1068 1336 Germanos
1100 1295 1239 1349 urget.

787 1351 888 1395 Cos.
928 1352 983 1394 M.
1015 1352 1202 1394 Macrius
1248 1351 1438 1402 Bassus,
1485 1349 1535 1392 L.
1575 1349 1799 1406 Ragonius
1840 1347 2097 1401 Quintianus
2147 1348 2268 1400 (suff.

826 1410 881 1453 M.
914 1411 1118 1454 Umbrius
1159 1411 1354 1463 Primus,
1395 1409 1654 1452 T..Flavius
1697 1407 1960 1461 Caelianus).
2027 1408 2271 1451 Mamertini

829 1470 966 1512 oratio
997 1470 1265 1526 panegyrica
1295 1469 1329 1512 Ι.
1361 1468 1622 1511 Maximiano
1653 1467 1846 1510 Treviris
1879 1467 2008 1510 dicta.

791 1529 891 1573 Cos.
924 1529 1062 1585 Impp.
1095 1529 1367 1571 Diocletiano
1398 1527 1475 1580 IV,
1513 1526 1774 1570 Maximiano
1813 1526 1879 1568 ΠΙ
1912 1525 2144 1570 Carausius
2175 1526 2271 1569 Bri-

830 1589 1046 1640 tanniam,
1087 1588 1228 1630 classe
1266 1587 1463 1629 Romana
1499 1586 1634 1638 victa,
1673 1598 1762 1628 non
1801 1585 1941 1628 solum
1978 1587 2145 1638 tuetur,
2193 1585 2272 1628 sed

832 1647 962 1689 etiam
991 1646 1238 1703 Augustos,
1284 1648 1333 1688 ut
1368 1658 1521 1701 pacem
1561 1644 1710 1700 aequis
1750 1644 2079 1687 condicionibus
2121 1657 2270 1687 secum

826 1705 1011 1758 saciant,
1051 1706 1202 1761 adigit.
1270 1705 1426 1748 Hieme
1464 1704 1649 1747 Dioclet.
1681 1705 1727 1746 et
1760 1703 2006 1746 Maximian.
2038 1703 2271 1746 Mediolani

828 1765 1104 1807 conveniunt.

791 1823 891 1867 Cos.
933 1823 1192 1866 Tiberianus
1235 1821 1279 1865 II
1321 1821 1530 1877 (Vopisci
1574 1819 1775 1863 historici
1810 1820 2043 1876 patronus)
2083 1822 2128 1862 et
2165 1818 2270 1863 Cas-

829 1882 921 1924 sius
952 1882 1049 1924 Dio.

791 1941 890 1984 Cos.
911 1939 1203 1983 Annibaliano
1234 1941 1278 1982 et
1306 1937 1618 1994 Asclepiodoto
1652 1936 1743 1980 Cal.
1773 1937 1939 1980 Martiis
1971 1935 2268 1979 Diocletianus

830 1999 1110 2043 Nicomediae
1142 1997 1302 2054 (quam
1334 1998 1420 2041 sibi
1450 1997 1597 2040 sedem
1629 1996 1835 2052 elegerat,
1866 2010 1964 2039 cum
1983 1995 2270 2038 Maximianus

831 2058 1077 2112 Ravennae,
1100 2059 1312 2110 Veronae,
1334 2056 1576 2113 Aquileiae,
1608 2055 1687 2098 sed
1706 2056 1893 2098 maxime
1914 2054 2147 2097 Mediolani
2177 2067 2269 2097 ver-

829 2119 1047 2172 saretur),
1084 2119 1151 2160 Fl.
1189 2118 1463 2159 Constantium
1498 2115 1685 2158 Chlorum
1723 2117 1767 2157 et
1810 2114 2018 2157 Galerium
2046 2115 2271 2155 Maximia-

829 2193 933 2229 num,
966 2190 1092 2233 cogn.
1124 2177 1437 2228 Armentarium,
1475 2175 1671 2216 Caesares
1701 2173 1915 2226 declarat,
1948 2173 2023 2228 qui
2053 2172 2271 2215 affinitati-

828 2235 910 2278 bus
941 2236 1004 2278 ita
1034 2249 1133 2278 cum
1152 2234 1365 2291 Augustis
1398 2234 1733 2289 coniunguntur,
1764 2235 1813 2274 ut
1834 2231 2115 2275 Constantius
2136 2231 2271 2274 Maxi-
2310 2254 2314 2256 ·

827 2294 963 2336 miani
994 2295 1239 2350 privignam
1271 2293 1543 2335 Theodoram
1574 2296 1683 2335 cum'
1704 2292 1925 2334 curatione
1959 2290 2197 2333 Galliarum
2228 2292 2272 2332 et

835 2353 1073 2409 Hispaniae
1105 2356 1149 2396 et
1178 2352 1428 2396 Britanniae
1443 2384 1453 2404 ,
1487 2350 1687 2394 Galerius
1718 2350 1860 2393 Diocl.
1890 2349 2023 2392 filiam
2053 2349 2271 2393 Valeriam

815 2416 931 2455 'cum
959 2412 1136 2468 Illyrico
1168 2411 1369 2467 accipiat.
1432 2408 1590 2463 (Ambo
1614 2409 1824 2452 Caesares
1854 2421 2028 2460 uxores,
2059 2420 2166 2463 quas
2197 2407 2271 2449 ha·
2327 2405 2343 2410 ”

828 2471 1032 2524 buerant,
1080 2471 1308 2526 repudiare
1345 2470 1457 2512 iussi
1503 2471 1646 2521 erant,
1692 2480 1950 2523 quamquam
1990 2466 2269 2510 Constantius

829 2530 1004 2585 quidem
1035 2543 1091 2572 ex
1120 2531 1282 2572 Helena
1310 2528 1448 2571 filium
1484 2529 1808 2580 Constantinum,
1842 2527 1930 2569 iam
1963 2525 2017 2569 18
2048 2538 2271 2578 annorum,

830 2591 919 2631 nat.
952 2603 989 2631 a.
1022 2588 1123 2641 274,
1154 2589 1282 2631 Febr.
1315 2587 1400 2640 28.,
1432 2585 1719 2642 susceperat.)

791 2647 891 2691 Cos.
913 2647 1058 2704 Augg.
1086 2648 1226 2690 Diocl.
1250 2646 1302 2700 V,
1333 2647 1507 2689 Maxim.
1539 2645 1636 2698 IV.)
1698 2643 1931 2689 Carausius
1971 2643 2018 2684 in
2047 2642 2273 2685 Britannia

831 2707 1045 2750 occiditur
1075 2706 1224 2749 fraude
1253 2707 1420 2758 Allecti,
1452 2705 1528 2761 qui
1558 2707 1602 2748 et
1632 2704 1742 2759 ipse,
1773 2715 1963 2759 purpura
1993 2704 2177 2757 sumpta,
2207 2701 2272 2743 in-

832 2766 971 2808 sulam
1008 2779 1086 2822 per
1123 2765 1358 2808 triennium
1395 2766 1528 2807 tenet.
1589 2763 1784 2806 Varanes
1822 2762 1886 2813 II,
1926 2761 2157 2803 Persarum
2193 2772 2274 2802 rex

830 2825 1032 2878 moritur,
1072 2837 1327 2868 successore
1357 2824 1528 2867 Varane
1567 2821 1634 2864 III
1662 2821 1774 2875 filio,
1814 2820 1896 2864 'sed
1925 2822 2126 2875 quattuor
2154 2832 2273 2862 men-

833 2883 953 2926 sibus
985 2886 1086 2939 post
1117 2884 1257 2939 Sapor
1285 2896 1469 2939 reguum
1500 2881 1697 2937 suscipit.

793 2942 894 2986 Cos.
926 2942 1104 2985 Flavius
1144 2943 1344 2986 Valerius
1393 2941 1676 2986 Constantius
1731 2941 1776 2982 et
1822 2937 2022 2982 Galerius
2071 2936 2272 2980 Valerius

830 3001 1131 3054 Maximianus,
1164 3001 1396 3046 Caesares,

797 3059 897 3104 Cos.
920 3060 1123 3103 Nummio
1146 3060 1306 3112 Tusco,
1341 3058 1542 3102 Cornelio
1563 3056 1770 3100 Anullino
1800 3054 1954 3110 Carpis
1985 3054 2113 3098 victis
2145 3051 2272 3096 sedes

831 3119 877 3162 in
906 3119 1132 3162 Pannonia
1162 3131 1397 3162 concessae
1428 3116 1668 3160 traduntur.

353 3179 439 3222 296
504 3179 617 3222 1049
683 3178 736 3222 13
797 3177 936 3220 Diocl.
975 3177 1088 3235 Aug.
1120 3178 1203 3231 VI,
1252 3177 1507 3221 Constantio
1548 3174 1674 3218 Caes.
1705 3173 1748 3219 ΙΙ
1787 3185 1876 3216 cos.
1918 3171 2070 3215 Oriens
2111 3169 2276 3226 duplici

833 3237 948 3280 bello
981 3239 1288 3290 commovetur,
1321 3249 1420 3280 cum
1450 3234 1635 3278 Dioclet.
1657 3232 1920 3289 Aegyptum,
1951 3231 2068 3273 victo
2096 3230 2271 3281 Achille,

832 3296 1003 3351 imperii
1041 3296 1234 3349 aemulo,
1276 3296 1323 3339 in
1360 3297 1622 3351 potestatem
1659 3292 1850 3348 redigat,
1892 3290 2090 3333 Galerius
2122 3300 2274 3344 parum

834 3367 1040 3410 prospere
1072 3355 1279 3399 adversus
1310 3355 1467 3398 Persas
1506 3355 1551 3396 et
1579 3353 1778 3394 Narseum
1817 3362 1965 3405 regem
2003 3349 2049 3391 in
2078 3348 2275 3402 Mesopo-

837 3414 970 3456 tamia
1009 3417 1186 3469 pugnet.
1265 3414 1438 3457 Interea
1477 3411 1759 3455 Constantius
1811 3409 1995 3452 collecta
2040 3407 2179 3449 classe
2227 3405 2273 3445 in

834 3471 1103 3516 Britanniam
1133 3473 1316 3526 traiicit,
1365 3484 1543 3528 eamque
1573 3470 1781 3522 insulam,
1817 3468 1986 3511 Allecto
2017 3478 2094 3522 per
2123 3462 2274 3506 Ascle-

834 3531 1058 3586 piodotum
1097 3532 1289 3587 legatum
1319 3543 1553 3588 oppresso,
1592 3532 1695 3587 post
1725 3529 1809 3574 10.·
1827 3539 1986 3571 annum
2014 3534 2165 3567 rursus
2195 3522 2274 3564 im-
