2392 4016
355 231 438 275 184
1123 232 1300 270 Annales
1331 233 1502 271 Romani

351 376 443 417 μα’
520 385 598 407 u'e'
667 384 757 415 unp.
835 421 1044 477 praefecti
1083 423 1345 477 potestatem
1383 421 1630 465 iudicialem
1675 424 1850 476 minuit,
1897 421 2105 479 praefecti
2150 435 2272 478 prae-

831 482 943 523 torio
975 483 1118 536 auget.
1181 481 1291 522 Tum
1318 480 1620 534 Mediolanum,
1650 482 1751 526 inde
1773 483 1977 526 Sirmium
2010 494 2057 524 se
2089 481 2270 535 confert,

841 552 890 581 ac
924 539 1071 582 Sirmii
1101 539 1273 581 hiemat.

353 596 439 640 358
503 596 613 639 1111
678 595 733 639 22
796 596 980 640 Datiano
1011 600 1056 640 et
1086 597 1264 640 Cereale
1295 610 1384 641 cos.
1417 598 1634 651 Iulianus,
1673 599 1800 642 victis
1831 598 1978 641 multis
2011 597 2255 640 difficultati

834 657 938 708 bus,
978 656 1158 699 Parisiis
1200 656 1421 713 profectus
1453 657 1646 701 Francos
1679 657 1821 701 Salios
1855 658 2078 713 opprimit,
2111 656 2273 712 suppli-

837 716 944 758 citer
975 718 1148 758 orantes
1170 716 1214 757 in
1246 716 1508 759 deditionem
1540 717 1699 772 accipit
1729 718 1774 759 et
1803 717 1929 759 sedes
1962 717 2006 759 in
2028 715 2277 758 Toxandria

835 775 1021 817 retinere
1050 774 1227 830 patitur,
1266 774 1522 818 Chamavios
1555 775 1611 818 ad
1639 778 1811 818 veteres
1844 775 1971 818 sedes
2005 788 2051 817 se
2082 775 2276 830 recipere

836 834 968 889 cogit.
1029 833 1172 875 Etiam
1195 833 1476 877 Constantius
1507 837 1627 877 trans
1659 834 1904 877 Danubium
1935 834 2142 877 adversus
2166 832 2277 884 Qua-

837 893 931 944 dos,
963 892 1211 934 Pannoniae
1244 895 1288 935 et
1308 893 1496 936 Moesiae
1528 896 1785 946 vastatores,
1815 892 1999 936 feliciter
2020 905 2111 934 rem
2142 892 2275 947 gerit:

834 950 1108 1005 Limigantes·
1128 950 1347 994 Sarmatas
1399 952 1555 1004 caedit,
1587 964 1820 1007 eorumque
1848 952 2057 1007 pristinos
2080 950 2277 993 dominos
2355 945 2360 950 ’

838 1008 960 1058 (vide
993 1022 1090 1050 ann.
1112 1009 1223 1059 334)
1255 1010 1301 1051 in
1333 1013 1502 1052 veteres
1534 1011 1659 1053 sedes
1690 1011 1894 1053 restituit.
1944 1011 2124 1052 Frustra
2154 1023 2180 1051 a
2202 1009 2278 1052 Sa-

774 1095 776 1097 -
837 1079 941 1122 pore
973 1066 1131 1109 Partho
1164 1067 1334 1122 legatos
1366 1069 1527 1124 accipit
1563 1071 1607 1110 et
1636 1069 1819 1111 remittit
1849 1068 2152 1120 (Eustathium
2182 1068 2276 1123 phi-

838 1125 1104 1181 losophum).
1168 1126 1338 1169 Rursus
1385 1126 1535 1169 Sirmii
1586 1127 1760 1169 hiemat.
1836 1127 2091 1170 Nicomedia
2136 1130 2276 1169 terrae

838 1186 959 1226 motu
991 1185 1249 1240 gravissima
1281 1185 1403 1228 clade
1435 1184 1634 1228 afficitur.

355 1242 441 1286 359
507 1242 620 1284 1112
683 1241 739 1285 23
799 1241 990 1286 Eusebio
1024 1246 1067 1285 et
1094 1243 1284 1299 Hypatio
1319 1257 1407 1287 cos.
1440 1244 1542 1286 dum
1564 1243 1846 1288 Constantius
1878 1243 1924 1285 in
1954 1242 2131 1298 Illyrico
2164 1254 2278 1284 com·

838 1304 1041 1354 moratur,
1075 1302 1187 1344 bello
1221 1306 1265 1345 et
1295 1304 1424 1346 tertia
1453 1303 1682 1346 Sirmiensi
1714 1302 1882 1356 synodo
1915 1304 2167 1356 occupatus,
2201 1300 2279 1344 Sa-

837 1374 966 1417 pores
998 1362 1086 1404 iam
1117 1361 1302 1404 ferocior
1331 1362 1472 1405 factus
1494 1362 1684 1404 Amidam
1704 1363 1806 1417 post
1837 1361 2081 1403 diuturnam
2101 1359 2158 1403 73
2191 1359 2279 1402 die-

836 1434 932 1462 rum
954 1421 1320 1476 oppugnationem
1343 1424 1514 1477 captam
1544 1421 1689 1473 diruit,
1722 1420 1813 1472 sed,
1844 1420 1982 1475 copiis
2003 1419 2281 1462 vehementer

840 1479 1021 1531 attritis,
1062 1482 1182 1522 trans
1217 1480 1384 1536 Tigrim
1423 1480 1602 1523 recedit.
1665 1478 1831 1531 (Amm.
1864 1478 2054 1521 Marcell.
2084 1478 2158 1521 lib.
2194 1477 2280 1528 19.)

840 1537 1126 1581 Ariminensis
1165 1541 1210 1581 et
1244 1552 1348 1582 mox
1387 1538 1867 1594 Constantinopolitana
1911 1536 2070 1593 synodi
2106 1536 2279 1579 Arianis

842 1609 1004 1652 aequae
1035 1596 1261 1639 habentur.
1324 1598 1437 1641 Urbs
1462 1597 1877 1652 Constantinopolis,
1909 1609 1993 1651 quo
2025 1595 2175 1638 Const.
2208 1608 2280 1638 ex-

841 1658 970 1698 eunte
1003 1668 1114 1698 anno
1137 1668 1184 1698 se
1216 1656 1394 1709 confert,
1428 1669 1553 1699 suum
1581 1655 1714 1712 praef.
1737 1656 1858 1698 urbis
1890 1655 2062 1710 accipit,
2096 1654 2280 1697 sublatis

841 1714 1006 1756 IIviris.
1079 1714 1274 1758 Iulianus
1311 1716 1440 1758 tertio
1469 1715 1668 1758 Rhenum
1705 1715 1887 1766 trajicit,
1925 1716 1969 1756 et
1996 1713 2277 1765 Alemannos,

843 1773 958 1827 agris
979 1773 1177 1825 vastatis,
1209 1773 1263 1816 ad
1293 1787 1445 1829 pacem
1472 1774 1704 1828 petendam
1731 1773 2061 1827 reddendosque
2083 1773 2278 1827 captivos

842 1831 997 1874 20000
1027 1831 1176 1886 adigit.

358 1889 446 1933 360
509 1888 622 1932 1113
685 1889 741 1931 24
805 1889 904 1933 Cos.
938 1889 1193 1933 Constantio
1238 1888 1350 1946 Aug.
1382 1891 1428 1933 X
1460 1893 1504 1933 et
1542 1890 1709 1933 Iuliano
1750 1888 1874 1932 Caes.
1906 1888 1984 1931 III.
2022 1901 2182 1944 magna
2218 1889 2282 1931 in-

841 1946 1034 2005 dignatio
1073 1949 1119 1991 in
1152 1949 1294 1992 Gallia
1333 1950 1490 2002 oritur,
1530 1963 1628 1992 cum
1661 1948 1942 1991 Constantius
1975 1947 2167 1990 delectos
2197 1947 2282 1990 for-

842 2009 1039 2051 tissimos
1079 2008 1240 2051 milites
1281 2009 1371 2051 suis
1410 2008 1641 2064 praesidiis
1682 2007 1839 2050 deduci
1886 2009 1930 2049 et
1977 2007 2023 2048 in
2063 2007 2282 2049 Orientem

842 2068 956 2110 mitti
1000 2066 1135 2109 iubet.
1212 2067 1381 2110 Seditio
1426 2067 1477 2110 fit
1513 2067 1713 2110 Lutetiae
1760 2066 2045 2108 Parisiorum:
2093 2065 2284 2107 Iulianus

844 2127 987 2177 (circa
1024 2138 1219 2169 mensem
1258 2125 1478 2182 Aprilem)
1524 2127 1686 2169 invitus
1730 2128 1773 2167 et
1818 2124 2041 2180 refragans
2073 2125 2286 2179 Auyustus

843 2187 1063 2237 salutatur,
1097 2185 1175 2227 sed
1204 2185 1400 2228 modeste
1433 2198 1581 2240 agens,
1614 2185 1715 2227 dum
1745 2184 1913 2226 litteras
1945 2184 2199 2238 legatosque
2232 2183 2287 2225 ad

842 2244 1081 2299 patruelem
1132 2243 1185 2285 de
1235 2243 1563 2286 condicionibus
1609 2243 1781 2299 imperii
1818 2243 1953 2284 mittit
1998 2244 2042 2284 et
2089 2242 2285 2294 remittit,

843 2302 1106 2345 Alemannos
1127 2302 1389 2345 rebellantes
1425 2302 1571 2345 domat
1589 2313 1822 2356 regemque
1843 2301 2133 2343 Vadomarum
2155 2301 2286 2355 capit,

842 2362 1036 2403 Francos
1074 2358 1298 2404 Attuarios
1343 2363 1463 2404 trans
1501 2362 1700 2404 Rhenum
1741 2360 1858 2401 circa
1894 2359 2077 2414 Lupiam
2117 2372 2286 2401 amnem

846 2419 1047 2462 sedentes
1079 2420 1375 2475 persequitur,
1418 2419 1527 2463 fines
1559 2420 1778 2462 Romanos
1810 2417 2057 2461 reficiendis
2091 2418 2284 2460 castellis

843 2477 999 2520 firmat.

904 2535 1080 2579 Interim
1120 2536 1282 2578 bellum
1322 2537 1368 2578 in
1408 2537 1583 2579 Oriente
1621 2535 1853 2579 infeliciter
1899 2534 2085 2591 geritur:
2132 2535 2287 2576 Persae

845 2595 1044 2651 Singara,
1075 2607 1178 2637 mox
1197 2595 1428 2638 Bezabden
1451 2598 1714 2652 expugnant,
1747 2607 1924 2649 eamque
1954 2594 2105 2636 urbem
2125 2593 2285 2636 frustra

846 2653 1128 2697 Constantius
1176 2667 1432 2710 recuperare
1479 2655 1626 2698 studet
1667 2677 1723 2683 —-
1763 2666 1902 2708 neque
1940 2654 2086 2694 tamen
2124 2665 2285 2708 aequas

844 2713 1001 2755 Iuliani
1042 2712 1319 2756 condiciones
1361 2714 1532 2769 accipit.
1594 2714 1747 2756 Hieme
1789 2713 1917 2764 alter,
1955 2713 2186 2767 postquam
2217 2724 2287 2753 ae—

846 2773 1001 2814 statem
1045 2770 1283 2814 Caesareae
1330 2773 1376 2814 in
1425 2772 1699 2828 Cappadocia
1738 2774 1782 2814 et
1817 2771 2010 2813 Edessae
2058 2770 2285 2825 transegit,

844 2828 1101 2872 Antiochiae
1142 2831 1304 2873 bellum
1335 2831 1561 2874 Persicum
1598 2834 1744 2887 parat,
1783 2823 1850 2882 et,
1882 2829 2074 2871 Eusebia
2103 2831 2285 2882 mortua,

843 2888 1097 2931 Faustinam
1129 2902 1309 2932 uxorem
1340 2889 1480 2943 ducit,
1513 2891 1622 2933 alter
1650 2890 1846 2934 Viennae
1879 2888 2073 2931 Helenae
2103 2890 2285 2930 mortem

844 2946 977 3002 luget.

363 3005 445 3051 361
513 3005 627 3051 1114
689 3003 744 3048 25
807 3005 950 3048 Tauro
993 3007 1036 3048 et
1065 3004 1287 3048 Florentio
1322 3018 1411 3051 cos.
1444 3006 1660 3059 Iulianus,
1700 3008 1929 3062 postquam
1969 3005 2098 3047 armis
2138 3004 2284 3047 decer-

845 3078 949 3107 nere
983 3065 1158 3117 statuit,
1197 3065 1358 3108 bellum
1400 3066 1621 3108 celeritate
1654 3068 1860 3120 occupat:
1901 3064 2052 3106 divisis
2085 3064 2286 3106 exerciti-

845 3125 949 3176 bus,
990 3124 1085 3179 ipse
1124 3137 1201 3179 per
1234 3123 1507 3167 Germaniam
1548 3125 1718 3168 occulto
1757 3124 1911 3166 itinere
1951 3122 2170 3178 profectus
2201 3123 2285 3164 Da-

845 3183 977 3225 nubio
1010 3183 1256 3236 devehitur,
1296 3184 1453 3227 Sirmio
1493 3196 1590 3226 cum
1621 3184 1763 3226 valido
1793 3181 2010 3238 praesidio
2025 3213 2035 3233 ‚
2081 3181 2195 3235 quod
2224 3181 2286 3223 ibi

848 3241 1107 3284 collocatum
1139 3245 1253 3295 erat,
1291 3256 1393 3286 mox
1427 3243 1664 3286 Succorum
1697 3242 1909 3299 augustiis
1943 3240 2119 3295 potitur.
2183 3240 2286 3283 Sola

846 3302 1037 3342 moratur
1055 3300 1282 3356 Aquileiae
1304 3302 1584 3358 oppugnatio,
1616 3315 1744 3358 quam
1766 3302 1875 3343 duae
1894 3299 2105 3355 legiones,
2138 3298 2286 3341 Sirmii

849 3361 1013 3413 captae,
1046 3362 1209 3403 mutata
1241 3361 1383 3403 subito
1414 3361 1522 3414 fide,
1556 3363 1830 3417 occuparant.
1890 3359 2063 3401 Interea
2092 3357 2283 3399 Iulianus

848 3418 1005 3460 certior
1035 3417 1084 3461 fit
1115 3421 1164 3461 de
1194 3428 1317 3461 morte
1354 3420 1604 3472 Constantii5
1642 3434 1741 3463 nam
1771 3419 1834 3471 is,
1875 3430 1972 3462 cum
2003 3417 2199 3458 nuntium
2231 3415 2283 3457 de

850 3476 1007 3518 Iuliani
1027 3477 1265 3532 irruptione
1288 3480 1549 3534 accepisset,
1571 3479 1723 3522 relicto
1745 3478 1859 3521 bello
1881 3475 2058 3519 Persico
2079 3475 2162 3516 iter
2183 3485 2283 3515 con-

848 3536 1055 3586 verterat,
1101 3536 1178 3578 sed
1207 3537 1506 3592 Mopsucrenis
1543 3537 1590 3580 in
1622 3537 1777 3580 Cilicia
1804 3536 1925 3579 ·febri
1957 3535 2178 3587 correptus
2211 3531 2282 3573 de-

849 3595 1042 3636 cesserat
1074 3593 1209 3644 (Nov.
1241 3594 1306 3639 3.)
1347 3609 1482 3638 annos
1524 3598 1650 3638 natus
1681 3594 1752 3639 45.
1815 3590 2122 3635 IULIANUS
2150 3590 2283 3646 igitur
