<?xml version="1.0" encoding="UTF-8"?>
<!DOCTYPE html PUBLIC "-//W3C//DTD XHTML 1.0 Transitional//EN"
    "http://www.w3.org/TR/xhtml1/DTD/xhtml1-transitional.dtd">
<html xmlns="http://www.w3.org/1999/xhtml" xml:lang="en" lang="en">
 <head>
  <title>
</title>
<meta http-equiv="Content-Type" content="text/html;charset=utf-8" />
  <meta name='ocr-system' content='tesseract 3.04.00' />
  <meta name='ocr-capabilities' content='ocr_page ocr_carea ocr_par ocr_line ocrx_word'/>
</head>
<body>
  <div class='ocr_page' id='page_1' title='image "annalesveterumre00zumpuoft_0138.png"; bbox 0 0 2392 4016; ppageno 0'>
   <div class='ocr_carea' id='block_1_1' title="bbox 349 181 431 224">
    <p class='ocr_par' dir='ltr' id='par_1_1' title="bbox 349 181 431 224">
     <span class='ocr_line' id='line_1_1' title="bbox 349 181 431 224; baseline 0.024 -2"><span class='ocrx_word' id='word_1_1' title='bbox 349 181 431 224; x_wconf 85' lang='lat'>108</span> 
     </span>
    </p>
   </div>
   <div class='ocr_carea' id='block_1_2' title="bbox 348 326 625 359">
    <p class='ocr_par' dir='ltr' id='par_1_2' title="bbox 348 326 625 359">
     <span class='ocr_line' id='line_1_2' title="bbox 348 326 625 359; baseline 0.004 -2"><span class='ocrx_word' id='word_1_2' title='bbox 348 335 378 357; x_wconf 89' lang='lat' dir='ltr'>a.</span> <span class='ocrx_word' id='word_1_3' title='bbox 392 326 475 358; x_wconf 86' lang='lat' dir='ltr'>Chr.</span> <span class='ocrx_word' id='word_1_4' title='bbox 541 336 577 357; x_wconf 92' lang='lat' dir='ltr'>u.</span> <span class='ocrx_word' id='word_1_5' title='bbox 595 335 625 359; x_wconf 87' lang='lat' dir='ltr'>c.</span> 
     </span>
    </p>
   </div>
   <div class='ocr_carea' id='block_1_3' title="bbox 405 876 2351 957">
    <p class='ocr_par' dir='ltr' id='par_1_3' title="bbox 405 876 2351 957">
     <span class='ocr_line' id='line_1_3' title="bbox 405 876 2351 957; baseline 0.001 -14"><span class='ocrx_word' id='word_1_6' title='bbox 405 901 462 944; x_wconf 84' lang='lat'>89</span> <span class='ocrx_word' id='word_1_7' title='bbox 545 899 630 944; x_wconf 84' lang='lat'>665</span> <span class='ocrx_word' id='word_1_8' title='bbox 694 899 794 944; x_wconf 84' lang='lat' dir='ltr'><strong>Cos.</strong></span> <span class='ocrx_word' id='word_1_9' title='bbox 834 876 903 944; x_wconf 64' lang='lat' dir='ltr'><strong>C’n.</strong></span> <span class='ocrx_word' id='word_1_10' title='bbox 935 903 1151 957; x_wconf 84' lang='lat' dir='ltr'>Pompeius</span> <span class='ocrx_word' id='word_1_11' title='bbox 1181 902 1347 956; x_wconf 83' lang='lat' dir='ltr'>Strabo,</span> <span class='ocrx_word' id='word_1_12' title='bbox 1381 903 1436 945; x_wconf 87' lang='lat' dir='ltr'>L.</span> <span class='ocrx_word' id='word_1_13' title='bbox 1467 902 1640 946; x_wconf 76' lang='lat' dir='ltr'>Porcius</span> <span class='ocrx_word' id='word_1_14' title='bbox 1675 902 1790 944; x_wconf 78' lang='lat' dir='ltr'>Cato.</span> <span class='ocrx_word' id='word_1_15' title='bbox 1852 902 2012 944; x_wconf 82' lang='lat' dir='ltr'>Praett.</span> <span class='ocrx_word' id='word_1_16' title='bbox 2048 900 2096 953; x_wconf 87' lang='lat' dir='ltr'>Q.</span> <span class='ocrx_word' id='word_1_17' title='bbox 2129 901 2276 944; x_wconf 85' lang='lat' dir='ltr'>Metel·</span> <span class='ocrx_word' id='word_1_18' title='bbox 2346 885 2351 890; x_wconf 26' lang='grc' dir='ltr'>ι</span> 
     </span>
    </p>
   </div>
   <div class='ocr_carea' id='block_1_4' title="bbox 555 1019 608 1055">
    <p class='ocr_par' dir='ltr' id='par_1_4' title="bbox 555 1019 608 1055">
     <span class='ocr_line' id='line_1_4' title="bbox 555 1019 608 1055; baseline 0 0"><span class='ocrx_word' id='word_1_19' title='bbox 555 1019 608 1055; x_wconf 91' lang='grc'>18</span> 
     </span>
    </p>
   </div>
   <div class='ocr_carea' id='block_1_5' title="bbox 545 1064 657 1115">
    <p class='ocr_par' dir='ltr' id='par_1_5' title="bbox 545 1064 657 1115">
     <span class='ocr_line' id='line_1_5' title="bbox 545 1064 657 1115; baseline 0 -1"><span class='ocrx_word' id='word_1_20' title='bbox 545 1075 631 1115; x_wconf 86' lang='lat' dir='ltr'><strong>Cic.</strong></span> <span class='ocrx_word' id='word_1_21' title='bbox 653 1064 657 1069; x_wconf 43' lang='lat'>⁸</span> 
     </span>
    </p>
   </div>
   <div class='ocr_carea' id='block_1_6' title="bbox 1115 179 1495 220">
    <p class='ocr_par' dir='ltr' id='par_1_6' title="bbox 1115 179 1495 220">
     <span class='ocr_line' id='line_1_6' title="bbox 1115 179 1495 220; baseline 0.003 -1"><span class='ocrx_word' id='word_1_22' title='bbox 1115 179 1293 219; x_wconf 82' lang='lat' dir='ltr'>Annales</span> <span class='ocrx_word' id='word_1_23' title='bbox 1324 181 1495 220; x_wconf 86' lang='lat' dir='ltr'>Romani</span> 
     </span>
    </p>
   </div>
   <div class='ocr_carea' id='block_1_7' title="bbox 729 368 2276 900">
    <p class='ocr_par' dir='ltr' id='par_1_7' title="bbox 739 368 2269 486">
     <span class='ocr_line' id='line_1_7' title="bbox 742 368 2269 429; baseline 0 -15"><span class='ocrx_word' id='word_1_24' title='bbox 742 374 860 427; x_wconf 85' lang='lat' dir='ltr'>gant,</span> <span class='ocrx_word' id='word_1_25' title='bbox 892 385 993 414; x_wconf 86' lang='lat' dir='ltr'>mox</span> <span class='ocrx_word' id='word_1_26' title='bbox 1025 372 1078 414; x_wconf 91' lang='lat' dir='ltr'>ab</span> <span class='ocrx_word' id='word_1_27' title='bbox 1109 371 1262 414; x_wconf 92' lang='lat' dir='ltr'>eodem</span> <span class='ocrx_word' id='word_1_28' title='bbox 1293 370 1408 426; x_wconf 89' lang='lat' dir='ltr'>apud</span> <span class='ocrx_word' id='word_1_29' title='bbox 1434 368 1619 415; x_wconf 76' lang='lat' dir='ltr'><strong>Acerras</strong></span> <span class='ocrx_word' id='word_1_30' title='bbox 1651 371 1950 429; x_wconf 87' lang='lat' dir='ltr'>profligantur,</span> <span class='ocrx_word' id='word_1_31' title='bbox 1985 385 2070 428; x_wconf 89' lang='lat' dir='ltr'>qua</span> <span class='ocrx_word' id='word_1_32' title='bbox 2100 372 2269 415; x_wconf 90' lang='lat' dir='ltr'>demum</span> 
     </span>
     <span class='ocr_line' id='line_1_8' title="bbox 739 430 1761 486; baseline -0.001 -12"><span class='ocrx_word' id='word_1_33' title='bbox 739 431 922 474; x_wconf 85' lang='lat' dir='ltr'>victoria</span> <span class='ocrx_word' id='word_1_34' title='bbox 951 433 1169 486; x_wconf 87' lang='lat' dir='ltr'>reportata</span> <span class='ocrx_word' id='word_1_35' title='bbox 1199 430 1360 472; x_wconf 87' lang='lat' dir='ltr'>Romae</span> <span class='ocrx_word' id='word_1_36' title='bbox 1394 442 1501 485; x_wconf 87' lang='lat' dir='ltr'>saga</span> <span class='ocrx_word' id='word_1_37' title='bbox 1530 434 1761 486; x_wconf 90' lang='lat' dir='ltr'>ponuntur.</span> 
     </span>
    </p>

    <p class='ocr_par' dir='ltr' id='par_1_8' title="bbox 739 488 2272 782">
     <span class='ocr_line' id='line_1_9' title="bbox 798 488 2271 546; baseline -0.001 -14"><span class='ocrx_word' id='word_1_38' title='bbox 798 490 920 546; x_wconf 85' lang='lat' dir='ltr'>Lege</span> <span class='ocrx_word' id='word_1_39' title='bbox 939 491 1054 532; x_wconf 85' lang='lat' dir='ltr'>Iulia</span> <span class='ocrx_word' id='word_1_40' title='bbox 1084 502 1174 532; x_wconf 91' lang='lat' dir='ltr'>cos.</span> <span class='ocrx_word' id='word_1_41' title='bbox 1208 491 1392 531; x_wconf 84' lang='lat' dir='ltr'>exeunte</span> <span class='ocrx_word' id='word_1_42' title='bbox 1422 488 1464 531; x_wconf 91' lang='lat' dir='ltr'>h.</span> <span class='ocrx_word' id='word_1_43' title='bbox 1486 502 1524 531; x_wconf 91' lang='lat' dir='ltr'>a.</span> <span class='ocrx_word' id='word_1_44' title='bbox 1554 490 1609 532; x_wconf 91' lang='lat' dir='ltr'>iis</span> <span class='ocrx_word' id='word_1_45' title='bbox 1640 490 1827 546; x_wconf 88' lang='lat' dir='ltr'>populis,</span> <span class='ocrx_word' id='word_1_46' title='bbox 1860 489 1935 545; x_wconf 90' lang='lat' dir='ltr'>qui</span> <span class='ocrx_word' id='word_1_47' title='bbox 1966 488 2021 531; x_wconf 91' lang='lat' dir='ltr'>ad</span> <span class='ocrx_word' id='word_1_48' title='bbox 2043 502 2138 532; x_wconf 88' lang='lat' dir='ltr'>eam</span> <span class='ocrx_word' id='word_1_49' title='bbox 2159 489 2271 531; x_wconf 89' lang='lat' dir='ltr'>diem</span> 
     </span>
     <span class='ocr_line' id='line_1_10' title="bbox 739 546 2271 604; baseline -0.001 -13"><span class='ocrx_word' id='word_1_50' title='bbox 739 549 785 591; x_wconf 93' lang='lat' dir='ltr'>in</span> <span class='ocrx_word' id='word_1_51' title='bbox 822 548 907 592; x_wconf 89' lang='lat' dir='ltr'>fide</span> <span class='ocrx_word' id='word_1_52' title='bbox 946 549 1211 592; x_wconf 84' lang='lat' dir='ltr'><strong>mansissent</strong></span> <span class='ocrx_word' id='word_1_53' title='bbox 1258 546 1454 599; x_wconf 62' lang='lat' dir='ltr'>(Latinis</span> <span class='ocrx_word' id='word_1_54' title='bbox 1493 550 1549 598; x_wconf 28' lang='lat' dir='ltr'>,et</span> <span class='ocrx_word' id='word_1_55' title='bbox 1588 548 1762 602; x_wconf 75' lang='lat' dir='ltr'>Umbris</span> <span class='ocrx_word' id='word_1_56' title='bbox 1811 551 1856 591; x_wconf 89' lang='lat' dir='ltr'>et</span> <span class='ocrx_word' id='word_1_57' title='bbox 1897 548 2061 603; x_wconf 86' lang='lat' dir='ltr'>aliquot</span> <span class='ocrx_word' id='word_1_58' title='bbox 2099 548 2271 604; x_wconf 90' lang='lat' dir='ltr'>populis</span> 
     </span>
     <span class='ocr_line' id='line_1_11' title="bbox 729 606 2272 663; baseline -0.001 -12.987"><span class='ocrx_word' id='word_1_59' title='bbox 729 606 990 661; x_wconf 76' lang='lat' dir='ltr'>Etruriae)</span> <span class='ocrx_word' id='word_1_60' title='bbox 997 608 1151 650; x_wconf 87' lang='lat' dir='ltr'>civitas</span> <span class='ocrx_word' id='word_1_61' title='bbox 1191 607 1354 662; x_wconf 87' lang='lat' dir='ltr'>optima</span> <span class='ocrx_word' id='word_1_62' title='bbox 1392 619 1490 649; x_wconf 93' lang='lat' dir='ltr'>cum</span> <span class='ocrx_word' id='word_1_63' title='bbox 1526 607 1618 650; x_wconf 91' lang='lat' dir='ltr'>iure</span> <span class='ocrx_word' id='word_1_64' title='bbox 1647 607 1859 650; x_wconf 92' lang='lat' dir='ltr'>honorum</span> <span class='ocrx_word' id='word_1_65' title='bbox 1890 607 2036 660; x_wconf 87' lang='lat' dir='ltr'>datur,</span> <span class='ocrx_word' id='word_1_66' title='bbox 2077 609 2272 663; x_wconf 87' lang='lat' dir='ltr'>potestas</span> 
     </span>
     <span class='ocr_line' id='line_1_12' title="bbox 743 665 2274 722; baseline -0.001 -12"><span class='ocrx_word' id='word_1_67' title='bbox 743 667 873 710; x_wconf 90' lang='lat' dir='ltr'>etiam</span> <span class='ocrx_word' id='word_1_68' title='bbox 905 665 955 709; x_wconf 83' lang='lat' dir='ltr'>fit</span> <span class='ocrx_word' id='word_1_69' title='bbox 985 679 1075 710; x_wconf 89' lang='lat' dir='ltr'>cos.</span> <span class='ocrx_word' id='word_1_70' title='bbox 1117 669 1160 709; x_wconf 91' lang='lat' dir='ltr'>et</span> <span class='ocrx_word' id='word_1_71' title='bbox 1192 665 1445 709; x_wconf 89' lang='lat' dir='ltr'>censoribus</span> <span class='ocrx_word' id='word_1_72' title='bbox 1483 666 1692 722; x_wconf 88' lang='lat' dir='ltr'>paulatim</span> <span class='ocrx_word' id='word_1_73' title='bbox 1722 666 1985 722; x_wconf 89' lang='lat' dir='ltr'>reliquorum</span> <span class='ocrx_word' id='word_1_74' title='bbox 2025 677 2125 722; x_wconf 89' lang='lat' dir='ltr'>pop.</span> <span class='ocrx_word' id='word_1_75' title='bbox 2158 665 2274 708; x_wconf 87' lang='lat' dir='ltr'>Itali-</span> 
     </span>
     <span class='ocr_line' id='line_1_13' title="bbox 741 725 1565 782; baseline -0.001 -14"><span class='ocrx_word' id='word_1_76' title='bbox 741 738 889 768; x_wconf 90' lang='lat' dir='ltr'>corum</span> <span class='ocrx_word' id='word_1_77' title='bbox 919 726 966 768; x_wconf 92' lang='lat' dir='ltr'>in</span> <span class='ocrx_word' id='word_1_78' title='bbox 996 725 1176 768; x_wconf 88' lang='lat' dir='ltr'>eandem</span> <span class='ocrx_word' id='word_1_79' title='bbox 1205 725 1565 782; x_wconf 88' lang='lat' dir='ltr'>recipiendorum.</span> 
     </span>
    </p>

    <p class='ocr_par' dir='ltr' id='par_1_9' title="bbox 740 782 2276 900">
     <span class='ocr_line' id='line_1_14' title="bbox 799 782 2276 856; baseline -0.001 -29"><span class='ocrx_word' id='word_1_80' title='bbox 799 784 851 827; x_wconf 94' lang='lat' dir='ltr'>In</span> <span class='ocrx_word' id='word_1_81' title='bbox 891 783 999 828; x_wconf 85' lang='lat' dir='ltr'>Asia</span> <span class='ocrx_word' id='word_1_82' title='bbox 1034 784 1305 827; x_wconf 82' lang='lat' dir='ltr'><strong>Mithridates</strong></span> <span class='ocrx_word' id='word_1_83' title='bbox 1337 797 1481 856; x_wconf 88' lang='lat' dir='ltr'>regna</span> <span class='ocrx_word' id='word_1_84' title='bbox 1518 783 1750 839; x_wconf 82' lang='lat' dir='ltr'><strong>Bithyniae</strong></span> <span class='ocrx_word' id='word_1_85' title='bbox 1790 786 1835 826; x_wconf 90' lang='lat' dir='ltr'>et</span> <span class='ocrx_word' id='word_1_86' title='bbox 1872 782 2174 839; x_wconf 81' lang='lat' dir='ltr'>Cappadociae</span> <span class='ocrx_word' id='word_1_87' title='bbox 2212 784 2276 826; x_wconf 92' lang='lat' dir='ltr'>in-</span> 
     </span>
     <span class='ocr_line' id='line_1_15' title="bbox 740 839 2245 900; baseline -0.001 -14"><span class='ocrx_word' id='word_1_88' title='bbox 740 843 873 896; x_wconf 87' lang='lat' dir='ltr'>vadit,</span> <span class='ocrx_word' id='word_1_89' title='bbox 905 843 984 886; x_wconf 88' lang='lat' dir='ltr'>sed</span> <span class='ocrx_word' id='word_1_90' title='bbox 1003 843 1227 900; x_wconf 80' lang='lat' dir='ltr'>repellitur</span> <span class='ocrx_word' id='word_1_91' title='bbox 1248 857 1274 885; x_wconf 90' lang='lat' dir='ltr'>a</span> <span class='ocrx_word' id='word_1_92' title='bbox 1293 839 1362 886; x_wconf 98' lang='lat' dir='ltr'>M.</span> <span class='ocrx_word' id='word_1_93' title='bbox 1393 842 1599 899; x_wconf 92' lang='lat' dir='ltr'>Aquillio,</span> <span class='ocrx_word' id='word_1_94' title='bbox 1630 843 1806 885; x_wconf 89' lang='lat' dir='ltr'>Manilio</span> <span class='ocrx_word' id='word_1_95' title='bbox 1827 842 2041 895; x_wconf 83' lang='lat' dir='ltr'>Mancino,</span> <span class='ocrx_word' id='word_1_96' title='bbox 2073 842 2245 897; x_wconf 88' lang='lat' dir='ltr'>legatis.</span> 
     </span>
    </p>
   </div>
   <div class='ocr_carea' id='block_1_8' title="bbox 743 959 2281 1842">
    <p class='ocr_par' dir='ltr' id='par_1_10' title="bbox 743 959 2281 1488">
     <span class='ocr_line' id='line_1_16' title="bbox 743 959 2277 1017; baseline 0.001 -15"><span class='ocrx_word' id='word_1_97' title='bbox 743 961 811 1003; x_wconf 91' lang='lat' dir='ltr'>lus</span> <span class='ocrx_word' id='word_1_98' title='bbox 842 961 963 1014; x_wconf 91' lang='lat' dir='ltr'>Pius,</span> <span class='ocrx_word' id='word_1_99' title='bbox 1004 961 1054 1003; x_wconf 89' lang='lat' dir='ltr'>L.</span> <span class='ocrx_word' id='word_1_100' title='bbox 1087 961 1314 1013; x_wconf 86' lang='lat' dir='ltr'>Lentulus,</span> <span class='ocrx_word' id='word_1_101' title='bbox 1352 961 1401 1004; x_wconf 92' lang='lat' dir='ltr'>P.</span> <span class='ocrx_word' id='word_1_102' title='bbox 1436 959 1662 1014; x_wconf 83' lang='lat' dir='ltr'>Gabinius,</span> <span class='ocrx_word' id='word_1_103' title='bbox 1701 960 1813 1017; x_wconf 90' lang='lat' dir='ltr'>App.</span> <span class='ocrx_word' id='word_1_104' title='bbox 1849 959 2071 1013; x_wconf 87' lang='lat' dir='ltr'>Claudius,</span> <span class='ocrx_word' id='word_1_105' title='bbox 2115 959 2162 1003; x_wconf 93' lang='lat' dir='ltr'>C.</span> <span class='ocrx_word' id='word_1_106' title='bbox 2196 959 2277 1003; x_wconf 93' lang='lat' dir='ltr'>Co-</span> 
     </span>
     <span class='ocr_line' id='line_1_17' title="bbox 747 1018 2276 1072; baseline 0.001 -11"><span class='ocrx_word' id='word_1_107' title='bbox 747 1019 936 1061; x_wconf 87' lang='lat' dir='ltr'>sconius.</span> <span class='ocrx_word' id='word_1_108' title='bbox 996 1018 1164 1061; x_wconf 87' lang='lat' dir='ltr'>Aedilis</span> <span class='ocrx_word' id='word_1_109' title='bbox 1196 1032 1285 1061; x_wconf 86' lang='lat' dir='ltr'>cur.</span> <span class='ocrx_word' id='word_1_110' title='bbox 1320 1019 1368 1062; x_wconf 90' lang='lat' dir='ltr'>C.</span> <span class='ocrx_word' id='word_1_111' title='bbox 1400 1019 1537 1062; x_wconf 91' lang='lat' dir='ltr'>Iulius</span> <span class='ocrx_word' id='word_1_112' title='bbox 1561 1018 1722 1062; x_wconf 86' lang='lat' dir='ltr'>Caesar</span> <span class='ocrx_word' id='word_1_113' title='bbox 1746 1019 1918 1072; x_wconf 88' lang='lat' dir='ltr'>Strabo,</span> <span class='ocrx_word' id='word_1_114' title='bbox 1950 1019 2081 1062; x_wconf 90' lang='lat' dir='ltr'>frater</span> <span class='ocrx_word' id='word_1_115' title='bbox 2102 1019 2151 1062; x_wconf 92' lang='lat' dir='ltr'>L.</span> <span class='ocrx_word' id='word_1_116' title='bbox 2173 1019 2276 1062; x_wconf 91' lang='lat' dir='ltr'>Cae-</span> 
     </span>
     <span class='ocr_line' id='line_1_18' title="bbox 743 1076 2279 1130; baseline 0.001 -11"><span class='ocrx_word' id='word_1_117' title='bbox 743 1078 853 1120; x_wconf 83' lang='lat' dir='ltr'>saris</span> <span class='ocrx_word' id='word_1_118' title='bbox 884 1078 1093 1130; x_wconf 88' lang='lat' dir='ltr'>censoris‚</span> <span class='ocrx_word' id='word_1_119' title='bbox 1127 1080 1171 1120; x_wconf 94' lang='lat' dir='ltr'>et</span> <span class='ocrx_word' id='word_1_120' title='bbox 1199 1077 1251 1119; x_wconf 87' lang='lat' dir='ltr'>fr.</span> <span class='ocrx_word' id='word_1_121' title='bbox 1283 1078 1479 1120; x_wconf 86' lang='lat' dir='ltr'>uterinus</span> <span class='ocrx_word' id='word_1_122' title='bbox 1513 1076 1562 1128; x_wconf 96' lang='lat' dir='ltr'>Q.</span> <span class='ocrx_word' id='word_1_123' title='bbox 1586 1076 1731 1120; x_wconf 85' lang='lat' dir='ltr'>Catuli</span> <span class='ocrx_word' id='word_1_124' title='bbox 1759 1090 1850 1121; x_wconf 89' lang='lat' dir='ltr'>cos.</span> <span class='ocrx_word' id='word_1_125' title='bbox 1870 1077 1994 1128; x_wconf 91' lang='grc'>102).</span> <span class='ocrx_word' id='word_1_126' title='bbox 2053 1077 2130 1121; x_wconf 92' lang='lat' dir='ltr'>Cn.</span> <span class='ocrx_word' id='word_1_127' title='bbox 2154 1079 2279 1121; x_wconf 87' lang='lat' dir='ltr'>Pom-</span> 
     </span>
     <span class='ocr_line' id='line_1_19' title="bbox 746 1135 2277 1192; baseline 0.001 -13"><span class='ocrx_word' id='word_1_128' title='bbox 746 1137 871 1192; x_wconf 90' lang='lat' dir='ltr'>peius</span> <span class='ocrx_word' id='word_1_129' title='bbox 904 1149 994 1179; x_wconf 87' lang='lat' dir='ltr'>eos.</span> <span class='ocrx_word' id='word_1_130' title='bbox 1027 1137 1097 1188; x_wconf 93' lang='lat' dir='ltr'>(in</span> <span class='ocrx_word' id='word_1_131' title='bbox 1128 1137 1252 1179; x_wconf 90' lang='lat' dir='ltr'>cuius</span> <span class='ocrx_word' id='word_1_132' title='bbox 1285 1137 1480 1179; x_wconf 82' lang='lat' dir='ltr'>exercitu</span> <span class='ocrx_word' id='word_1_133' title='bbox 1510 1136 1566 1178; x_wconf 87' lang='lat' dir='ltr'>M.</span> <span class='ocrx_word' id='word_1_134' title='bbox 1590 1135 1743 1179; x_wconf 90' lang='lat' dir='ltr'>Cicero</span> <span class='ocrx_word' id='word_1_135' title='bbox 1774 1136 2029 1179; x_wconf 83' lang='lat' dir='ltr'>adolescens</span> <span class='ocrx_word' id='word_1_136' title='bbox 2061 1137 2277 1188; x_wconf 89' lang='lat' dir='ltr'>merebat)</span> 
     </span>
     <span class='ocr_line' id='line_1_20' title="bbox 746 1194 2279 1264; baseline 0 -26"><span class='ocrx_word' id='word_1_137' title='bbox 746 1196 942 1252; x_wconf 89' lang='lat' dir='ltr'>Pelignis</span> <span class='ocrx_word' id='word_1_138' title='bbox 965 1208 1015 1238; x_wconf 86' lang='lat' dir='ltr'>ac</span> <span class='ocrx_word' id='word_1_139' title='bbox 1037 1195 1234 1239; x_wconf 89' lang='lat' dir='ltr'>Vestinis</span> <span class='ocrx_word' id='word_1_140' title='bbox 1267 1194 1455 1248; x_wconf 87' lang='lat' dir='ltr'>domitis,</span> <span class='ocrx_word' id='word_1_141' title='bbox 1487 1194 1714 1264; x_wconf 80' lang='lat' dir='ltr'>Asculum,</span> <span class='ocrx_word' id='word_1_142' title='bbox 1743 1195 1895 1238; x_wconf 91' lang='lat' dir='ltr'>urbem</span> <span class='ocrx_word' id='word_1_143' title='bbox 1916 1195 2173 1248; x_wconf 86' lang='lat' dir='ltr'>Picentium,</span> <span class='ocrx_word' id='word_1_144' title='bbox 2206 1196 2279 1239; x_wconf 92' lang='lat' dir='ltr'>diu</span> 
     </span>
     <span class='ocr_line' id='line_1_21' title="bbox 746 1254 2281 1370; baseline 0 -14"><span class='ocrx_word' id='word_1_145' title='bbox 746 1254 1485 1370; x_wconf 51' lang='lat' dir='ltr'>‘ffissffilssuissgffitsseffiassssffssizosst</span> <span class='ocrx_word' id='word_1_146' title='bbox 1505 1256 1571 1360; x_wconf 58' lang='lat'>511¹</span> <span class='ocrx_word' id='word_1_147' title='bbox 1573 1254 1843 1369; x_wconf 58' lang='grc' dir='ltr'>ἶῗὲθὲῗέιέἕ,</span> <span class='ocrx_word' id='word_1_148' title='bbox 1867 1254 2281 1370; x_wconf 50' lang='grc' dir='ltr'>ἷζὲἓῖἐῗ“ῗιιαῗὲἔὲ</span> 
     </span>
     <span class='ocr_line' id='line_1_22' title="bbox 746 1372 2280 1429; baseline -0.001 -13"><span class='ocrx_word' id='word_1_149' title='bbox 746 1373 795 1416; x_wconf 93' lang='lat' dir='ltr'><strong>L.</strong></span> <span class='ocrx_word' id='word_1_150' title='bbox 830 1372 937 1416; x_wconf 91' lang='lat' dir='ltr'>Cato</span> <span class='ocrx_word' id='word_1_151' title='bbox 969 1386 1058 1416; x_wconf 87' lang='lat' dir='ltr'>cos.</span> <span class='ocrx_word' id='word_1_152' title='bbox 1090 1374 1378 1429; x_wconf 87' lang='lat' dir='ltr'>persequitur,</span> <span class='ocrx_word' id='word_1_153' title='bbox 1421 1385 1558 1428; x_wconf 91' lang='lat' dir='ltr'>eoque</span> <span class='ocrx_word' id='word_1_154' title='bbox 1588 1385 1667 1428; x_wconf 91' lang='lat' dir='ltr'>per</span> <span class='ocrx_word' id='word_1_155' title='bbox 1695 1372 1879 1415; x_wconf 90' lang='lat' dir='ltr'>insidias</span> <span class='ocrx_word' id='word_1_156' title='bbox 1910 1373 2070 1426; x_wconf 89' lang='lat' dir='ltr'>occiso,</span> <span class='ocrx_word' id='word_1_157' title='bbox 2108 1373 2158 1415; x_wconf 92' lang='lat' dir='ltr'>L.</span> <span class='ocrx_word' id='word_1_158' title='bbox 2189 1373 2280 1415; x_wconf 92' lang='lat' dir='ltr'>Mu-</span> 
     </span>
     <span class='ocr_line' id='line_1_23' title="bbox 745 1431 2177 1489; baseline 0 -14"><span class='ocrx_word' id='word_1_159' title='bbox 745 1446 850 1476; x_wconf 89' lang='lat' dir='ltr'>rena</span> <span class='ocrx_word' id='word_1_160' title='bbox 881 1435 924 1475; x_wconf 91' lang='lat' dir='ltr'>et</span> <span class='ocrx_word' id='word_1_161' title='bbox 956 1432 1005 1484; x_wconf 90' lang='lat' dir='ltr'>Q.</span> <span class='ocrx_word' id='word_1_162' title='bbox 1037 1432 1237 1475; x_wconf 86' lang='lat' dir='ltr'>Metellus</span> <span class='ocrx_word' id='word_1_163' title='bbox 1268 1433 1388 1484; x_wconf 93' lang='lat' dir='ltr'>Pius,</span> <span class='ocrx_word' id='word_1_164' title='bbox 1419 1431 1568 1488; x_wconf 86' lang='lat' dir='ltr'>legati,</span> <span class='ocrx_word' id='word_1_165' title='bbox 1601 1431 1656 1474; x_wconf 89' lang='lat' dir='ltr'>ad</span> <span class='ocrx_word' id='word_1_166' title='bbox 1687 1431 1951 1474; x_wconf 87' lang='lat' dir='ltr'>deditionem</span> <span class='ocrx_word' id='word_1_167' title='bbox 1983 1431 2177 1489; x_wconf 85' lang='lat' dir='ltr'>adigunt.</span> 
     </span>
    </p>

    <p class='ocr_par' dir='ltr' id='par_1_11' title="bbox 747 1490 2281 1724">
     <span class='ocr_line' id='line_1_24' title="bbox 806 1490 2279 1547; baseline -0.001 -13"><span class='ocrx_word' id='word_1_168' title='bbox 806 1490 1030 1534; x_wconf 87' lang='lat' dir='ltr'>Adversus</span> <span class='ocrx_word' id='word_1_169' title='bbox 1063 1491 1304 1544; x_wconf 85' lang='lat' dir='ltr'>Samnites,</span> <span class='ocrx_word' id='word_1_170' title='bbox 1343 1503 1526 1547; x_wconf 91' lang='lat' dir='ltr'>quorum</span> <span class='ocrx_word' id='word_1_171' title='bbox 1566 1503 1734 1533; x_wconf 90' lang='lat' dir='ltr'>summa</span> <span class='ocrx_word' id='word_1_172' title='bbox 1761 1504 1906 1534; x_wconf 89' lang='lat' dir='ltr'>rerum</span> <span class='ocrx_word' id='word_1_173' title='bbox 1937 1491 2096 1533; x_wconf 88' lang='lat' dir='ltr'>collata</span> <span class='ocrx_word' id='word_1_174' title='bbox 2124 1491 2279 1534; x_wconf 90' lang='lat' dir='ltr'>Aeser-</span> 
     </span>
     <span class='ocr_line' id='line_1_25' title="bbox 747 1548 2281 1606; baseline 0 -13"><span class='ocrx_word' id='word_1_175' title='bbox 747 1551 864 1593; x_wconf 88' lang='lat' dir='ltr'>niam</span> <span class='ocrx_word' id='word_1_176' title='bbox 895 1552 976 1603; x_wconf 89' lang='lat' dir='ltr'>est,</span> <span class='ocrx_word' id='word_1_177' title='bbox 1006 1550 1056 1593; x_wconf 93' lang='lat' dir='ltr'>L.</span> <span class='ocrx_word' id='word_1_178' title='bbox 1080 1550 1216 1603; x_wconf 87' lang='lat' dir='ltr'>Sulla,</span> <span class='ocrx_word' id='word_1_179' title='bbox 1246 1550 1353 1593; x_wconf 90' lang='lat' dir='ltr'>item</span> <span class='ocrx_word' id='word_1_180' title='bbox 1374 1550 1422 1592; x_wconf 91' lang='lat' dir='ltr'>L.</span> <span class='ocrx_word' id='word_1_181' title='bbox 1447 1548 1624 1592; x_wconf 89' lang='lat' dir='ltr'>Catonis</span> <span class='ocrx_word' id='word_1_182' title='bbox 1656 1550 1842 1606; x_wconf 87' lang='lat' dir='ltr'>legatus,</span> <span class='ocrx_word' id='word_1_183' title='bbox 1875 1551 1919 1592; x_wconf 93' lang='lat' dir='ltr'>et</span> <span class='ocrx_word' id='word_1_184' title='bbox 1940 1550 2081 1593; x_wconf 90' lang='lat' dir='ltr'>classe</span> <span class='ocrx_word' id='word_1_185' title='bbox 2104 1553 2147 1593; x_wconf 91' lang='lat' dir='ltr'>et</span> <span class='ocrx_word' id='word_1_186' title='bbox 2165 1555 2281 1593; x_wconf 89' lang='lat' dir='ltr'>terra</span> 
     </span>
     <span class='ocr_line' id='line_1_26' title="bbox 747 1584 2281 1665; baseline 0 -13"><span class='ocrx_word' id='word_1_187' title='bbox 747 1622 838 1652; x_wconf 92' lang='lat' dir='ltr'>rem</span> <span class='ocrx_word' id='word_1_188' title='bbox 870 1584 983 1665; x_wconf 71' lang='lat' dir='ltr'>gerit</span> <span class='ocrx_word' id='word_1_189' title='bbox 1013 1622 1063 1652; x_wconf 88' lang='lat' dir='ltr'>ac</span> <span class='ocrx_word' id='word_1_190' title='bbox 1096 1609 1148 1652; x_wconf 91' lang='lat' dir='ltr'>de</span> <span class='ocrx_word' id='word_1_191' title='bbox 1181 1622 1330 1652; x_wconf 86' lang='lat' dir='ltr'>eorum</span> <span class='ocrx_word' id='word_1_192' title='bbox 1360 1609 1469 1652; x_wconf 88' lang='lat' dir='ltr'>duce</span> <span class='ocrx_word' id='word_1_193' title='bbox 1493 1607 1694 1652; x_wconf 92' lang='lat' dir='ltr'>Cluentio</span> <span class='ocrx_word' id='word_1_194' title='bbox 1724 1609 1948 1665; x_wconf 87' lang='lat' dir='ltr'>ingentem</span> <span class='ocrx_word' id='word_1_195' title='bbox 1967 1609 2195 1652; x_wconf 88' lang='lat' dir='ltr'>victoriam</span> <span class='ocrx_word' id='word_1_196' title='bbox 2215 1622 2281 1652; x_wconf 89' lang='lat' dir='ltr'>re-</span> 
     </span>
     <span class='ocr_line' id='line_1_27' title="bbox 748 1667 1964 1724; baseline -0.001 -13"><span class='ocrx_word' id='word_1_197' title='bbox 748 1671 905 1724; x_wconf 88' lang='lat' dir='ltr'>portat.</span> <span class='ocrx_word' id='word_1_198' title='bbox 967 1668 1085 1711; x_wconf 88' lang='lat' dir='ltr'>Idem</span> <span class='ocrx_word' id='word_1_199' title='bbox 1118 1668 1316 1724; x_wconf 89' lang='lat' dir='ltr'>Hirpinis</span> <span class='ocrx_word' id='word_1_200' title='bbox 1340 1668 1532 1711; x_wconf 79' lang='lat' dir='ltr'>devictis</span> <span class='ocrx_word' id='word_1_201' title='bbox 1562 1667 1805 1710; x_wconf 84' lang='lat' dir='ltr'>Bovianum</span> <span class='ocrx_word' id='word_1_202' title='bbox 1835 1668 1964 1723; x_wconf 88' lang='lat' dir='ltr'>capit.</span> 
     </span>
    </p>

    <p class='ocr_par' dir='ltr' id='par_1_12' title="bbox 749 1726 2280 1842">
     <span class='ocr_line' id='line_1_28' title="bbox 808 1726 2280 1783; baseline 0 -14"><span class='ocrx_word' id='word_1_203' title='bbox 808 1727 928 1783; x_wconf 88' lang='lat' dir='ltr'>Lege</span> <span class='ocrx_word' id='word_1_204' title='bbox 959 1727 1129 1770; x_wconf 91' lang='lat' dir='ltr'>Plautia</span> <span class='ocrx_word' id='word_1_205' title='bbox 1159 1727 1352 1783; x_wconf 87' lang='lat' dir='ltr'>Papiria,</span> <span class='ocrx_word' id='word_1_206' title='bbox 1393 1740 1420 1769; x_wconf 91' lang='lat' dir='ltr'>a</span> <span class='ocrx_word' id='word_1_207' title='bbox 1456 1727 1556 1769; x_wconf 88' lang='lat' dir='ltr'>trib.</span> <span class='ocrx_word' id='word_1_208' title='bbox 1587 1727 1646 1782; x_wconf 92' lang='lat' dir='ltr'>pl.</span> <span class='ocrx_word' id='word_1_209' title='bbox 1672 1726 1729 1770; x_wconf 90' lang='lat' dir='ltr'>C.</span> <span class='ocrx_word' id='word_1_210' title='bbox 1763 1726 1982 1779; x_wconf 82' lang='lat' dir='ltr'>Carbone,</span> <span class='ocrx_word' id='word_1_211' title='bbox 2021 1727 2076 1768; x_wconf 89' lang='lat' dir='ltr'>M.</span> <span class='ocrx_word' id='word_1_212' title='bbox 2108 1727 2280 1769; x_wconf 87' lang='lat' dir='ltr'>Plautio</span> 
     </span>
     <span class='ocr_line' id='line_1_29' title="bbox 749 1785 2279 1842; baseline -0.001 -13"><span class='ocrx_word' id='word_1_213' title='bbox 749 1785 927 1830; x_wconf 86' lang='lat' dir='ltr'>Silvano</span> <span class='ocrx_word' id='word_1_214' title='bbox 967 1786 1074 1839; x_wconf 88' lang='lat' dir='ltr'>lata,</span> <span class='ocrx_word' id='word_1_215' title='bbox 1114 1799 1225 1842; x_wconf 90' lang='lat' dir='ltr'>quae</span> <span class='ocrx_word' id='word_1_216' title='bbox 1265 1786 1406 1842; x_wconf 87' lang='lat' dir='ltr'>legem</span> <span class='ocrx_word' id='word_1_217' title='bbox 1437 1785 1591 1827; x_wconf 83' lang='lat' dir='ltr'>Iuliam</span> <span class='ocrx_word' id='word_1_218' title='bbox 1623 1786 1816 1841; x_wconf 86' lang='lat' dir='ltr'>supplet,</span> <span class='ocrx_word' id='word_1_219' title='bbox 1854 1786 1910 1828; x_wconf 91' lang='lat' dir='ltr'>iis</span> <span class='ocrx_word' id='word_1_220' title='bbox 1942 1786 2017 1841; x_wconf 90' lang='lat' dir='ltr'>qui</span> <span class='ocrx_word' id='word_1_221' title='bbox 2046 1785 2279 1828; x_wconf 87' lang='lat' dir='ltr'>foederatis</span> 
     </span>
    </p>
   </div>
   <div class='ocr_carea' id='block_1_9' title="bbox 731 1843 2279 1900">
    <p class='ocr_par' dir='ltr' id='par_1_13' title="bbox 731 1843 2279 1900">
     <span class='ocr_line' id='line_1_30' title="bbox 731 1843 2279 1900; baseline -0.001 -12"><span class='ocrx_word' id='word_1_222' title='bbox 731 1845 998 1888; x_wconf 79' lang='lat' dir='ltr'>civitatibus</span> <span class='ocrx_word' id='word_1_223' title='bbox 1029 1845 1210 1900; x_wconf 80' lang='lat' dir='ltr'>ascripti</span> <span class='ocrx_word' id='word_1_224' title='bbox 1239 1847 1400 1897; x_wconf 89' lang='lat' dir='ltr'>essent,</span> <span class='ocrx_word' id='word_1_225' title='bbox 1432 1845 1586 1887; x_wconf 86' lang='lat' dir='ltr'>civitas</span> <span class='ocrx_word' id='word_1_226' title='bbox 1617 1844 1756 1887; x_wconf 85' lang='lat' dir='ltr'>datur.</span> <span class='ocrx_word' id='word_1_227' title='bbox 1820 1843 1898 1888; x_wconf 91' lang='lat' dir='ltr'>Cn.</span> <span class='ocrx_word' id='word_1_228' title='bbox 1924 1845 2158 1900; x_wconf 91' lang='lat' dir='ltr'>Pompeius</span> <span class='ocrx_word' id='word_1_229' title='bbox 2191 1858 2279 1887; x_wconf 93' lang='lat' dir='ltr'>cos.</span> 
     </span>
    </p>
   </div>
   <div class='ocr_carea' id='block_1_10' title="bbox 745 1902 2283 2373">
    <p class='ocr_par' dir='ltr' id='par_1_14' title="bbox 745 1902 2283 2255">
     <span class='ocr_line' id='line_1_31' title="bbox 745 1902 2280 1960; baseline -0.001 -13"><span class='ocrx_word' id='word_1_230' title='bbox 745 1905 1080 1960; x_wconf 87' lang='lat' dir='ltr'>transpadanam</span> <span class='ocrx_word' id='word_1_231' title='bbox 1120 1903 1306 1948; x_wconf 84' lang='lat' dir='ltr'>Galliam</span> <span class='ocrx_word' id='word_1_232' title='bbox 1326 1903 1577 1959; x_wconf 75' lang='lat' dir='ltr'>componit.</span> <span class='ocrx_word' id='word_1_233' title='bbox 1646 1903 1815 1946; x_wconf 87' lang='lat' dir='ltr'>Seditio</span> <span class='ocrx_word' id='word_1_234' title='bbox 1851 1902 1902 1946; x_wconf 92' lang='lat' dir='ltr'>fit</span> <span class='ocrx_word' id='word_1_235' title='bbox 1938 1904 1984 1945; x_wconf 92' lang='lat' dir='ltr'>in</span> <span class='ocrx_word' id='word_1_236' title='bbox 2028 1904 2132 1946; x_wconf 90' lang='lat' dir='ltr'>urbe</span> <span class='ocrx_word' id='word_1_237' title='bbox 2164 1904 2280 1946; x_wconf 86' lang='lat' dir='ltr'>fene-</span> 
     </span>
     <span class='ocr_line' id='line_1_32' title="bbox 747 1962 2280 2019; baseline -0.001 -13"><span class='ocrx_word' id='word_1_238' title='bbox 747 1967 949 2007; x_wconf 64' lang='lat' dir='ltr'>ratorum*</span> <span class='ocrx_word' id='word_1_239' title='bbox 976 1977 1002 2006; x_wconf 92' lang='lat' dir='ltr'>a</span> <span class='ocrx_word' id='word_1_240' title='bbox 1040 1964 1089 2006; x_wconf 91' lang='lat' dir='ltr'>L.</span> <span class='ocrx_word' id='word_1_241' title='bbox 1123 1963 1277 2007; x_wconf 89' lang='lat' dir='ltr'>Cassio</span> <span class='ocrx_word' id='word_1_242' title='bbox 1318 1965 1371 2006; x_wconf 88' lang='lat' dir='ltr'>tr.</span> <span class='ocrx_word' id='word_1_243' title='bbox 1409 1963 1469 2019; x_wconf 92' lang='lat' dir='ltr'>pl.</span> <span class='ocrx_word' id='word_1_244' title='bbox 1509 1963 1746 2015; x_wconf 87' lang='lat' dir='ltr'>concitata,</span> <span class='ocrx_word' id='word_1_245' title='bbox 1791 1975 1877 2018; x_wconf 89' lang='lat' dir='ltr'>qua</span> <span class='ocrx_word' id='word_1_246' title='bbox 1914 1962 1966 2005; x_wconf 87' lang='lat' dir='ltr'>A.</span> <span class='ocrx_word' id='word_1_247' title='bbox 1999 1962 2280 2018; x_wconf 88' lang='lat' dir='ltr'>Sempronius</span> 
     </span>
     <span class='ocr_line' id='line_1_33' title="bbox 747 2021 2280 2079; baseline -0.001 -13"><span class='ocrx_word' id='word_1_248' title='bbox 747 2023 913 2067; x_wconf 89' lang='lat' dir='ltr'>Asellio</span> <span class='ocrx_word' id='word_1_249' title='bbox 943 2037 1008 2079; x_wconf 89' lang='lat' dir='ltr'>pr.</span> <span class='ocrx_word' id='word_1_250' title='bbox 1039 2023 1230 2066; x_wconf 88' lang='lat' dir='ltr'>urbanus</span> <span class='ocrx_word' id='word_1_251' title='bbox 1270 2023 1395 2078; x_wconf 85' lang='lat' dir='ltr'>perit.</span> <span class='ocrx_word' id='word_1_252' title='bbox 1464 2021 1621 2064; x_wconf 88' lang='lat' dir='ltr'>Fertur</span> <span class='ocrx_word' id='word_1_253' title='bbox 1650 2022 1723 2064; x_wconf 85' lang='lat' dir='ltr'>lex</span> <span class='ocrx_word' id='word_1_254' title='bbox 1753 2022 1924 2064; x_wconf 86' lang='lat' dir='ltr'>Plautia</span> <span class='ocrx_word' id='word_1_255' title='bbox 1955 2021 2006 2064; x_wconf 93' lang='lat' dir='ltr'>de</span> <span class='ocrx_word' id='word_1_256' title='bbox 2039 2023 2083 2064; x_wconf 83' lang='lat' dir='ltr'>vi</span> <span class='ocrx_word' id='word_1_257' title='bbox 2113 2022 2280 2064; x_wconf 86' lang='lat' dir='ltr'>eadem-</span> 
     </span>
     <span class='ocr_line' id='line_1_34' title="bbox 748 2081 2283 2138; baseline -0.002 -13"><span class='ocrx_word' id='word_1_258' title='bbox 748 2096 831 2138; x_wconf 87' lang='lat' dir='ltr'>que</span> <span class='ocrx_word' id='word_1_259' title='bbox 861 2082 1100 2126; x_wconf 83' lang='lat' dir='ltr'>iudiciaria.</span> <span class='ocrx_word' id='word_1_260' title='bbox 1151 2082 1342 2124; x_wconf 79' lang='lat' dir='ltr'>Censores</span> <span class='ocrx_word' id='word_1_261' title='bbox 1371 2082 1423 2124; x_wconf 92' lang='lat' dir='ltr'>P.</span> <span class='ocrx_word' id='word_1_262' title='bbox 1453 2081 1642 2123; x_wconf 81' lang='lat' dir='ltr'>Licinius</span> <span class='ocrx_word' id='word_1_263' title='bbox 1677 2081 1862 2134; x_wconf 77' lang='lat' dir='ltr'>Crassus,</span> <span class='ocrx_word' id='word_1_264' title='bbox 1893 2081 1946 2122; x_wconf 89' lang='lat' dir='ltr'>L.</span> <span class='ocrx_word' id='word_1_265' title='bbox 1969 2082 2103 2123; x_wconf 82' lang='lat' dir='ltr'>Iulius</span> <span class='ocrx_word' id='word_1_266' title='bbox 2129 2082 2283 2123; x_wconf 83' lang='lat' dir='ltr'>Caesar</span> 
     </span>
     <span class='ocr_line' id='line_1_35' title="bbox 750 2140 2282 2197; baseline -0.001 -13"><span class='ocrx_word' id='word_1_267' title='bbox 750 2144 971 2193; x_wconf 87' lang='lat' dir='ltr'>creantur,</span> <span class='ocrx_word' id='word_1_268' title='bbox 1011 2142 1086 2197; x_wconf 89' lang='lat' dir='ltr'>qui</span> <span class='ocrx_word' id='word_1_269' title='bbox 1116 2153 1327 2184; x_wconf 86' lang='lat' dir='ltr'>novorum</span> <span class='ocrx_word' id='word_1_270' title='bbox 1365 2141 1524 2183; x_wconf 86' lang='lat' dir='ltr'>civium</span> <span class='ocrx_word' id='word_1_271' title='bbox 1562 2152 1696 2183; x_wconf 90' lang='lat' dir='ltr'>causa</span> <span class='ocrx_word' id='word_1_272' title='bbox 1734 2142 1832 2183; x_wconf 87' lang='lat' dir='ltr'>octo</span> <span class='ocrx_word' id='word_1_273' title='bbox 1873 2153 2006 2183; x_wconf 87' lang='lat' dir='ltr'>novas</span> <span class='ocrx_word' id='word_1_274' title='bbox 2038 2141 2176 2184; x_wconf 90' lang='lat' dir='ltr'>tribus</span> <span class='ocrx_word' id='word_1_275' title='bbox 2209 2140 2282 2182; x_wconf 88' lang='lat' dir='ltr'>ad-</span> 
     </span>
     <span class='ocr_line' id='line_1_36' title="bbox 748 2199 1840 2255; baseline -0.001 -13"><span class='ocrx_word' id='word_1_276' title='bbox 748 2201 869 2253; x_wconf 91' lang='lat' dir='ltr'>dunt,</span> <span class='ocrx_word' id='word_1_277' title='bbox 901 2200 980 2242; x_wconf 88' lang='lat' dir='ltr'>sed</span> <span class='ocrx_word' id='word_1_278' title='bbox 1008 2200 1222 2254; x_wconf 91' lang='lat' dir='ltr'>reliquum</span> <span class='ocrx_word' id='word_1_279' title='bbox 1253 2212 1432 2242; x_wconf 89' lang='lat' dir='ltr'>censum</span> <span class='ocrx_word' id='word_1_280' title='bbox 1463 2211 1551 2241; x_wconf 93' lang='lat' dir='ltr'>non</span> <span class='ocrx_word' id='word_1_281' title='bbox 1582 2199 1840 2255; x_wconf 86' lang='lat' dir='ltr'>suscipiunt.</span> 
     </span>
    </p>

    <p class='ocr_par' dir='ltr' id='par_1_15' title="bbox 750 2256 2283 2373">
     <span class='ocr_line' id='line_1_37' title="bbox 800 2256 2283 2313; baseline 0 -12"><span class='ocrx_word' id='word_1_282' title='bbox 800 2259 980 2310; x_wconf 16' lang='lat' dir='ltr'>,Interea</span> <span class='ocrx_word' id='word_1_283' title='bbox 1008 2259 1278 2301; x_wconf 84' lang='lat' dir='ltr'>Mithridates</span> <span class='ocrx_word' id='word_1_284' title='bbox 1309 2257 1645 2301; x_wconf 87' lang='lat' dir='ltr'>Ariobarzanem</span> <span class='ocrx_word' id='word_1_285' title='bbox 1678 2257 1977 2313; x_wconf 84' lang='lat' dir='ltr'>Cappadociae</span> <span class='ocrx_word' id='word_1_286' title='bbox 2009 2260 2053 2300; x_wconf 93' lang='lat' dir='ltr'>et</span> <span class='ocrx_word' id='word_1_287' title='bbox 2081 2256 2283 2301; x_wconf 86' lang='lat' dir='ltr'>Nicome-</span> 
     </span>
     <span class='ocr_line' id='line_1_38' title="bbox 750 2317 1798 2373; baseline -0.002 -13"><span class='ocrx_word' id='word_1_288' title='bbox 750 2318 847 2360; x_wconf 91' lang='lat' dir='ltr'>dem</span> <span class='ocrx_word' id='word_1_289' title='bbox 878 2318 1110 2373; x_wconf 84' lang='lat' dir='ltr'>Bithyniae</span> <span class='ocrx_word' id='word_1_290' title='bbox 1140 2330 1268 2373; x_wconf 88' lang='lat' dir='ltr'>reges</span> <span class='ocrx_word' id='word_1_291' title='bbox 1298 2318 1447 2373; x_wconf 86' lang='lat' dir='ltr'>regnis</span> <span class='ocrx_word' id='word_1_292' title='bbox 1480 2317 1572 2360; x_wconf 91' lang='lat' dir='ltr'>suis</span> <span class='ocrx_word' id='word_1_293' title='bbox 1605 2317 1798 2372; x_wconf 87' lang='lat' dir='ltr'>expellit.</span> 
     </span>
    </p>
   </div>
   <div class='ocr_carea' id='block_1_11' title="bbox 414 2375 2282 2430">
    <p class='ocr_par' dir='ltr' id='par_1_16' title="bbox 414 2375 2282 2430">
     <span class='ocr_line' id='line_1_39' title="bbox 414 2375 2282 2430; baseline -0.002 -8"><span class='ocrx_word' id='word_1_294' title='bbox 414 2379 471 2423; x_wconf 83' lang='lat'>88</span> <span class='ocrx_word' id='word_1_295' title='bbox 552 2378 638 2421; x_wconf 88' lang='grc'>666</span> <span class='ocrx_word' id='word_1_296' title='bbox 703 2377 803 2420; x_wconf 84' lang='lat' dir='ltr'>Cos.</span> <span class='ocrx_word' id='word_1_297' title='bbox 835 2378 889 2419; x_wconf 91' lang='lat' dir='ltr'>L.</span> <span class='ocrx_word' id='word_1_298' title='bbox 917 2377 1126 2419; x_wconf 80' lang='lat' dir='ltr'>Cornelius</span> <span class='ocrx_word' id='word_1_299' title='bbox 1145 2377 1290 2429; x_wconf 81' lang='lat' dir='ltr'>Sulla,</span> <span class='ocrx_word' id='word_1_300' title='bbox 1328 2377 1406 2419; x_wconf 76' lang='lat'>49.</span> <span class='ocrx_word' id='word_1_301' title='bbox 1433 2376 1588 2418; x_wconf 82' lang='lat' dir='ltr'>aetatis</span> <span class='ocrx_word' id='word_1_302' title='bbox 1619 2389 1747 2428; x_wconf 81' lang='lat' dir='ltr'>anno,</span> <span class='ocrx_word' id='word_1_303' title='bbox 1784 2375 1833 2424; x_wconf 80' lang='lat' dir='ltr'>Q.</span> <span class='ocrx_word' id='word_1_304' title='bbox 1859 2375 2073 2429; x_wconf 85' lang='lat' dir='ltr'>Pompeius</span> <span class='ocrx_word' id='word_1_305' title='bbox 2103 2376 2282 2430; x_wconf 84' lang='lat' dir='ltr'>Rufus.)</span> 
     </span>
    </p>
   </div>
   <div class='ocr_carea' id='block_1_12' title="bbox 545 2674 614 2710">
    <p class='ocr_par' dir='ltr' id='par_1_17' title="bbox 545 2674 614 2710">
     <span class='ocr_line' id='line_1_40' title="bbox 545 2674 614 2710; baseline 0 0"><span class='ocrx_word' id='word_1_306' title='bbox 545 2674 614 2710; x_wconf 84' lang='lat'>·19</span> 
     </span>
    </p>
   </div>
   <div class='ocr_carea' id='block_1_13' title="bbox 549 2730 633 2769">
    <p class='ocr_par' dir='ltr' id='par_1_18' title="bbox 549 2730 633 2769">
     <span class='ocr_line' id='line_1_41' title="bbox 549 2730 633 2769; baseline 0 0"><span class='ocrx_word' id='word_1_307' title='bbox 549 2730 633 2769; x_wconf 86' lang='lat' dir='ltr'>Cic.</span> 
     </span>
    </p>
   </div>
   <div class='ocr_carea' id='block_1_14' title="bbox 748 2434 2283 2657">
    <p class='ocr_par' dir='ltr' id='par_1_19' title="bbox 748 2434 2283 2657">
     <span class='ocr_line' id='line_1_42' title="bbox 750 2434 2282 2491; baseline 0 -13"><span class='ocrx_word' id='word_1_308' title='bbox 750 2435 1048 2479; x_wconf 89' lang='lat' dir='ltr'>Admittuntur</span> <span class='ocrx_word' id='word_1_309' title='bbox 1078 2436 1133 2478; x_wconf 88' lang='lat' dir='ltr'>ad</span> <span class='ocrx_word' id='word_1_310' title='bbox 1162 2436 1347 2478; x_wconf 91' lang='lat' dir='ltr'>honores</span> <span class='ocrx_word' id='word_1_311' title='bbox 1387 2435 1538 2491; x_wconf 91' lang='lat' dir='ltr'>populi</span> <span class='ocrx_word' id='word_1_312' title='bbox 1568 2435 1730 2487; x_wconf 88' lang='lat' dir='ltr'>Italici,</span> <span class='ocrx_word' id='word_1_313' title='bbox 1769 2434 1889 2477; x_wconf 79' lang='lat' dir='ltr'>velut</span> <span class='ocrx_word' id='word_1_314' title='bbox 1927 2448 2005 2490; x_wconf 90' lang='lat' dir='ltr'>per</span> <span class='ocrx_word' id='word_1_315' title='bbox 2034 2435 2113 2478; x_wconf 92' lang='lat' dir='ltr'>hos</span> <span class='ocrx_word' id='word_1_316' title='bbox 2147 2448 2282 2478; x_wconf 89' lang='lat' dir='ltr'>annos</span> 
     </span>
     <span class='ocr_line' id='line_1_43' title="bbox 748 2493 2281 2551; baseline 0 -14"><span class='ocrx_word' id='word_1_317' title='bbox 748 2495 917 2538; x_wconf 91' lang='lat' dir='ltr'>Minatii</span> <span class='ocrx_word' id='word_1_318' title='bbox 946 2495 1079 2551; x_wconf 88' lang='lat' dir='ltr'>Magii</span> <span class='ocrx_word' id='word_1_319' title='bbox 1107 2493 1445 2546; x_wconf 84' lang='lat' dir='ltr'>AeculanensiS‚</span> <span class='ocrx_word' id='word_1_320' title='bbox 1487 2495 1602 2537; x_wconf 81' lang='lat' dir='ltr'>atavi</span> <span class='ocrx_word' id='word_1_321' title='bbox 1633 2494 1722 2546; x_wconf 90' lang='lat' dir='ltr'>sui,</span> <span class='ocrx_word' id='word_1_322' title='bbox 1763 2494 1871 2536; x_wconf 89' lang='lat' dir='ltr'>duos</span> <span class='ocrx_word' id='word_1_323' title='bbox 1914 2493 2028 2536; x_wconf 91' lang='lat' dir='ltr'>filios</span> <span class='ocrx_word' id='word_1_324' title='bbox 2059 2497 2281 2549; x_wconf 88' lang='lat' dir='ltr'>praetores</span> 
     </span>
     <span class='ocr_line' id='line_1_44' title="bbox 750 2552 2283 2609; baseline -0.001 -12"><span class='ocrx_word' id='word_1_325' title='bbox 750 2554 889 2597; x_wconf 84' lang='lat' dir='ltr'>factos</span> <span class='ocrx_word' id='word_1_326' title='bbox 922 2567 1020 2597; x_wconf 90' lang='lat' dir='ltr'>esse</span> <span class='ocrx_word' id='word_1_327' title='bbox 1053 2554 1204 2597; x_wconf 88' lang='lat' dir='ltr'>scribit</span> <span class='ocrx_word' id='word_1_328' title='bbox 1234 2553 1421 2606; x_wconf 83' lang='lat' dir='ltr'>Ve11.2,</span> <span class='ocrx_word' id='word_1_329' title='bbox 1456 2553 1524 2596; x_wconf 91' lang='grc'>16.</span> <span class='ocrx_word' id='word_1_330' title='bbox 1596 2552 1966 2609; x_wconf 90' lang='lat' dir='ltr'>Q.Pompaedius</span> <span class='ocrx_word' id='word_1_331' title='bbox 2001 2553 2092 2596; x_wconf 91' lang='lat' dir='ltr'>Silo</span> <span class='ocrx_word' id='word_1_332' title='bbox 2125 2566 2283 2596; x_wconf 86' lang='lat' dir='ltr'>novum</span> 
     </span>
     <span class='ocr_line' id='line_1_45' title="bbox 753 2612 2282 2657; baseline -0.001 -1"><span class='ocrx_word' id='word_1_333' title='bbox 753 2614 1011 2657; x_wconf 87' lang='lat' dir='ltr'>Samnitium</span> <span class='ocrx_word' id='word_1_334' title='bbox 1042 2614 1280 2656; x_wconf 85' lang='lat' dir='ltr'>exercitum</span> <span class='ocrx_word' id='word_1_335' title='bbox 1313 2613 1569 2656; x_wconf 89' lang='lat' dir='ltr'>conscribit·</span> <span class='ocrx_word' id='word_1_336' title='bbox 1610 2626 1635 2655; x_wconf 92' lang='lat' dir='ltr'>a</span> <span class='ocrx_word' id='word_1_337' title='bbox 1665 2612 1791 2654; x_wconf 89' lang='lat' dir='ltr'>Mam.</span> <span class='ocrx_word' id='word_1_338' title='bbox 1809 2612 2008 2654; x_wconf 91' lang='lat' dir='ltr'>Aemilio</span> <span class='ocrx_word' id='word_1_339' title='bbox 2047 2613 2188 2655; x_wconf 88' lang='lat' dir='ltr'>victus</span> <span class='ocrx_word' id='word_1_340' title='bbox 2220 2615 2282 2654; x_wconf 87' lang='lat' dir='ltr'>ta-</span> 
     </span>
    </p>
   </div>
   <div class='ocr_carea' id='block_1_15' title="bbox 751 2671 2282 2774">
    <p class='ocr_par' dir='ltr' id='par_1_20' title="bbox 751 2671 2282 2774">
     <span class='ocr_line' id='line_1_46' title="bbox 751 2671 2282 2747; baseline -0.001 -32"><span class='ocrx_word' id='word_1_341' title='bbox 751 2686 851 2715; x_wconf 91' lang='lat' dir='ltr'>men</span> <span class='ocrx_word' id='word_1_342' title='bbox 880 2673 1122 2715; x_wconf 83' lang='lat' dir='ltr'>Bovianum</span> <span class='ocrx_word' id='word_1_343' title='bbox 1150 2673 1326 2728; x_wconf 90' lang='lat' dir='ltr'>recipit,</span> <span class='ocrx_word' id='word_1_344' title='bbox 1355 2672 1446 2720; x_wconf 90' lang='lat' dir='ltr'>sed</span> <span class='ocrx_word' id='word_1_345' title='bbox 1475 2671 1604 2747; x_wconf 80' lang='lat' dir='ltr'>paulo</span> <span class='ocrx_word' id='word_1_346' title='bbox 1643 2674 1744 2727; x_wconf 92' lang='lat' dir='ltr'>post</span> <span class='ocrx_word' id='word_1_347' title='bbox 1774 2685 1800 2713; x_wconf 89' lang='lat' dir='ltr'>a</span> <span class='ocrx_word' id='word_1_348' title='bbox 1832 2671 1924 2714; x_wconf 89' lang='lat' dir='ltr'>Ser.</span> <span class='ocrx_word' id='word_1_349' title='bbox 1959 2671 2153 2727; x_wconf 89' lang='lat' dir='ltr'>Sulpicio</span> <span class='ocrx_word' id='word_1_350' title='bbox 2186 2684 2282 2714; x_wconf 93' lang='lat' dir='ltr'>cum</span> 
     </span>
     <span class='ocr_line' id='line_1_47' title="bbox 756 2731 1188 2774; baseline 0 0"><span class='ocrx_word' id='word_1_351' title='bbox 756 2733 951 2774; x_wconf 82' lang='lat' dir='ltr'>exercitu</span> <span class='ocrx_word' id='word_1_352' title='bbox 979 2731 1188 2774; x_wconf 90' lang='lat' dir='ltr'>caeditur.</span> 
     </span>
    </p>
   </div>
   <div class='ocr_carea' id='block_1_16' title="bbox 751 2768 2284 2905">
    <p class='ocr_par' dir='ltr' id='par_1_21' title="bbox 751 2768 2283 2905">
     <span class='ocr_line' id='line_1_48' title="bbox 813 2768 2283 2845; baseline -0.001 -12"><span class='ocrx_word' id='word_1_353' title='bbox 813 2790 1089 2843; x_wconf 91' lang='lat' dir='ltr'>Consulibus,</span> <span class='ocrx_word' id='word_1_354' title='bbox 1122 2790 1269 2834; x_wconf 92' lang='lat' dir='ltr'>Sullae</span> <span class='ocrx_word' id='word_1_355' title='bbox 1299 2789 1525 2845; x_wconf 88' lang='lat' dir='ltr'>provincia</span> <span class='ocrx_word' id='word_1_356' title='bbox 1546 2788 1652 2832; x_wconf 89' lang='lat' dir='ltr'>Asia</span> <span class='ocrx_word' id='word_1_357' title='bbox 1683 2791 1726 2831; x_wconf 89' lang='lat' dir='ltr'>et</span> <span class='ocrx_word' id='word_1_358' title='bbox 1755 2768 2010 2831; x_wconf 78' lang='lat' dir='ltr'>Macedonia</span> <span class='ocrx_word' id='word_1_359' title='bbox 2041 2794 2138 2832; x_wconf 91' lang='lat' dir='ltr'>cum</span> <span class='ocrx_word' id='word_1_360' title='bbox 2170 2789 2283 2832; x_wconf 93' lang='lat' dir='ltr'>bello</span> 
     </span>
     <span class='ocr_line' id='line_1_49' title="bbox 751 2847 2284 2905; baseline -0.001 -14"><span class='ocrx_word' id='word_1_361' title='bbox 751 2849 938 2891; x_wconf 89' lang='lat' dir='ltr'>Mithrid.</span> <span class='ocrx_word' id='word_1_362' title='bbox 971 2849 1109 2902; x_wconf 90' lang='lat' dir='ltr'>datur,</span> <span class='ocrx_word' id='word_1_363' title='bbox 1143 2849 1191 2901; x_wconf 90' lang='lat' dir='ltr'>Q.</span> <span class='ocrx_word' id='word_1_364' title='bbox 1222 2849 1428 2905; x_wconf 91' lang='lat' dir='ltr'>Pompeio</span> <span class='ocrx_word' id='word_1_365' title='bbox 1459 2849 1587 2891; x_wconf 90' lang='lat' dir='ltr'>Italia</span> <span class='ocrx_word' id='word_1_366' title='bbox 1617 2861 1715 2891; x_wconf 89' lang='lat' dir='ltr'>cum</span> <span class='ocrx_word' id='word_1_367' title='bbox 1746 2848 1943 2891; x_wconf 87' lang='lat' dir='ltr'>exercitu</span> <span class='ocrx_word' id='word_1_368' title='bbox 1975 2847 2052 2890; x_wconf 91' lang='lat' dir='ltr'>Cn.</span> <span class='ocrx_word' id='word_1_369' title='bbox 2075 2848 2284 2904; x_wconf 91' lang='lat' dir='ltr'>Pompeii.</span> 
     </span>
    </p>
   </div>
   <div class='ocr_carea' id='block_1_17' title="bbox 723 2907 2284 2964">
    <p class='ocr_par' dir='ltr' id='par_1_22' title="bbox 723 2907 2284 2964">
     <span class='ocr_line' id='line_1_50' title="bbox 723 2907 2284 2964; baseline -0.001 -14"><span class='ocrx_word' id='word_1_370' title='bbox 723 2909 802 2950; x_wconf 88' lang='grc' dir='ltr'>Ῥ.</span> <span class='ocrx_word' id='word_1_371' title='bbox 834 2908 1046 2963; x_wconf 79' lang='lat' dir='ltr'>Sulpicius</span> <span class='ocrx_word' id='word_1_372' title='bbox 1083 2909 1182 2951; x_wconf 86' lang='lat' dir='ltr'>trib.</span> <span class='ocrx_word' id='word_1_373' title='bbox 1221 2908 1279 2963; x_wconf 92' lang='lat' dir='ltr'>pl.</span> <span class='ocrx_word' id='word_1_374' title='bbox 1323 2908 1500 2964; x_wconf 86' lang='lat' dir='ltr'>capitali</span> <span class='ocrx_word' id='word_1_375' title='bbox 1541 2907 1640 2950; x_wconf 91' lang='lat' dir='ltr'>odio</span> <span class='ocrx_word' id='word_1_376' title='bbox 1682 2921 1706 2950; x_wconf 90' lang='lat' dir='ltr'>a</span> <span class='ocrx_word' id='word_1_377' title='bbox 1737 2907 1786 2959; x_wconf 89' lang='lat' dir='ltr'>Q.</span> <span class='ocrx_word' id='word_1_378' title='bbox 1819 2908 2026 2962; x_wconf 90' lang='lat' dir='ltr'>Pompeio</span> <span class='ocrx_word' id='word_1_379' title='bbox 2065 2907 2284 2950; x_wconf 91' lang='lat' dir='ltr'>dissidens</span> 
     </span>
    </p>
   </div>
   <div class='ocr_carea' id='block_1_18' title="bbox 752 2965 2286 3318">
    <p class='ocr_par' dir='ltr' id='par_1_23' title="bbox 752 2965 2286 3318">
     <span class='ocr_line' id='line_1_51' title="bbox 752 2965 2283 3023; baseline -0.001 -13"><span class='ocrx_word' id='word_1_380' title='bbox 752 2968 908 3023; x_wconf 85' lang='lat' dir='ltr'>legem,</span> <span class='ocrx_word' id='word_1_381' title='bbox 940 2970 989 3009; x_wconf 93' lang='lat' dir='ltr'>ut</span> <span class='ocrx_word' id='word_1_382' title='bbox 1019 2968 1120 3010; x_wconf 86' lang='lat' dir='ltr'>novi</span> <span class='ocrx_word' id='word_1_383' title='bbox 1151 2968 1269 3009; x_wconf 87' lang='lat' dir='ltr'>cives</span> <span class='ocrx_word' id='word_1_384' title='bbox 1302 2969 1346 3009; x_wconf 93' lang='lat' dir='ltr'>et</span> <span class='ocrx_word' id='word_1_385' title='bbox 1376 2966 1568 3010; x_wconf 90' lang='lat' dir='ltr'>libertini</span> <span class='ocrx_word' id='word_1_386' title='bbox 1597 2967 1643 3008; x_wconf 93' lang='lat' dir='ltr'>in</span> <span class='ocrx_word' id='word_1_387' title='bbox 1675 2967 1873 3008; x_wconf 92' lang='lat' dir='ltr'>omnibus</span> <span class='ocrx_word' id='word_1_388' title='bbox 1896 2965 1952 3009; x_wconf 88' lang='lat'>35</span> <span class='ocrx_word' id='word_1_389' title='bbox 1974 2965 2172 3009; x_wconf 89' lang='lat' dir='ltr'>tribubus</span> <span class='ocrx_word' id='word_1_390' title='bbox 2197 2967 2283 3009; x_wconf 89' lang='lat' dir='ltr'>suf-</span> 
     </span>
     <span class='ocr_line' id='line_1_52' title="bbox 752 3024 2284 3083; baseline -0.001 -14"><span class='ocrx_word' id='word_1_391' title='bbox 752 3027 891 3083; x_wconf 86' lang='lat' dir='ltr'>fragia</span> <span class='ocrx_word' id='word_1_392' title='bbox 920 3026 1074 3078; x_wconf 82' lang='lat' dir='ltr'>ferant,</span> <span class='ocrx_word' id='word_1_393' title='bbox 1105 3039 1183 3082; x_wconf 91' lang='lat' dir='ltr'>per</span> <span class='ocrx_word' id='word_1_394' title='bbox 1213 3026 1315 3078; x_wconf 87' lang='lat' dir='ltr'>vim,</span> <span class='ocrx_word' id='word_1_395' title='bbox 1345 3025 1495 3081; x_wconf 85' lang='lat' dir='ltr'>fugato</span> <span class='ocrx_word' id='word_1_396' title='bbox 1517 3025 1567 3067; x_wconf 90' lang='lat' dir='ltr'>L.</span> <span class='ocrx_word' id='word_1_397' title='bbox 1591 3025 1726 3077; x_wconf 88' lang='lat' dir='ltr'>Sulla,</span> <span class='ocrx_word' id='word_1_398' title='bbox 1756 3024 1931 3080; x_wconf 88' lang='lat' dir='ltr'>perfert.</span> <span class='ocrx_word' id='word_1_399' title='bbox 1981 3024 2101 3067; x_wconf 89' lang='lat' dir='ltr'>Idem</span> <span class='ocrx_word' id='word_1_400' title='bbox 2123 3028 2284 3068; x_wconf 91' lang='lat' dir='ltr'>utrum-</span> 
     </span>
     <span class='ocr_line' id='line_1_53' title="bbox 753 3083 2283 3142; baseline -0.001 -14"><span class='ocrx_word' id='word_1_401' title='bbox 753 3099 836 3142; x_wconf 92' lang='lat' dir='ltr'>que</span> <span class='ocrx_word' id='word_1_402' title='bbox 875 3085 1097 3128; x_wconf 87' lang='lat' dir='ltr'>consulem</span> <span class='ocrx_word' id='word_1_403' title='bbox 1133 3085 1358 3141; x_wconf 80' lang='lat' dir='ltr'>provincia</span> <span class='ocrx_word' id='word_1_404' title='bbox 1388 3083 1566 3139; x_wconf 87' lang='lat' dir='ltr'>spoliat,</span> <span class='ocrx_word' id='word_1_405' title='bbox 1610 3086 1654 3126; x_wconf 92' lang='lat' dir='ltr'>et</span> <span class='ocrx_word' id='word_1_406' title='bbox 1690 3097 1768 3140; x_wconf 92' lang='lat' dir='ltr'>per</span> <span class='ocrx_word' id='word_1_407' title='bbox 1806 3083 2038 3126; x_wconf 90' lang='lat' dir='ltr'>factionem</span> <span class='ocrx_word' id='word_1_408' title='bbox 2079 3097 2202 3127; x_wconf 90' lang='lat' dir='ltr'>suam</span> <span class='ocrx_word' id='word_1_409' title='bbox 2235 3085 2283 3127; x_wconf 92' lang='lat' dir='ltr'>C.</span> 
     </span>
     <span class='ocr_line' id='line_1_54' title="bbox 753 3142 2286 3199; baseline -0.001 -12"><span class='ocrx_word' id='word_1_410' title='bbox 753 3146 896 3188; x_wconf 87' lang='lat' dir='ltr'>Mario</span> <span class='ocrx_word' id='word_1_411' title='bbox 921 3145 1016 3188; x_wconf 90' lang='lat' dir='ltr'>seni</span> <span class='ocrx_word' id='word_1_412' title='bbox 1046 3145 1275 3187; x_wconf 89' lang='lat' dir='ltr'>ambitioso</span> <span class='ocrx_word' id='word_1_413' title='bbox 1307 3143 1365 3186; x_wconf 85' lang='lat'>70</span> <span class='ocrx_word' id='word_1_414' title='bbox 1386 3143 1569 3199; x_wconf 91' lang='lat' dir='ltr'>amplius</span> <span class='ocrx_word' id='word_1_415' title='bbox 1601 3156 1811 3186; x_wconf 89' lang='lat' dir='ltr'>annorum</span> <span class='ocrx_word' id='word_1_416' title='bbox 1831 3142 1982 3186; x_wconf 87' lang='lat' dir='ltr'>Asiam</span> <span class='ocrx_word' id='word_1_417' title='bbox 2012 3156 2132 3198; x_wconf 84' lang='lat' dir='ltr'>prov.</span> <span class='ocrx_word' id='word_1_418' title='bbox 2163 3146 2286 3186; x_wconf 84' lang='lat' dir='ltr'>extra</span> 
     </span>
     <span class='ocr_line' id='line_1_55' title="bbox 755 3202 2284 3259; baseline -0.002 -12"><span class='ocrx_word' id='word_1_419' title='bbox 755 3204 949 3247; x_wconf 89' lang='lat' dir='ltr'>ordinem</span> <span class='ocrx_word' id='word_1_420' title='bbox 980 3203 1126 3247; x_wconf 88' lang='lat' dir='ltr'>tradit.</span> <span class='ocrx_word' id='word_1_421' title='bbox 1186 3203 1236 3246; x_wconf 88' lang='lat' dir='ltr'>L.</span> <span class='ocrx_word' id='word_1_422' title='bbox 1260 3202 1382 3246; x_wconf 89' lang='lat' dir='ltr'>Sulla</span> <span class='ocrx_word' id='word_1_423' title='bbox 1403 3216 1490 3245; x_wconf 87' lang='lat' dir='ltr'>una</span> <span class='ocrx_word' id='word_1_424' title='bbox 1511 3216 1609 3245; x_wconf 90' lang='lat' dir='ltr'>cum</span> <span class='ocrx_word' id='word_1_425' title='bbox 1632 3203 1801 3259; x_wconf 85' lang='lat' dir='ltr'>collega</span> <span class='ocrx_word' id='word_1_426' title='bbox 1823 3202 1877 3245; x_wconf 87' lang='lat' dir='ltr'>ad</span> <span class='ocrx_word' id='word_1_427' title='bbox 1898 3203 2135 3244; x_wconf 87' lang='lat' dir='ltr'>exercitum</span> <span class='ocrx_word' id='word_1_428' title='bbox 2158 3215 2284 3245; x_wconf 93' lang='lat' dir='ltr'>suum</span> 
     </span>
     <span class='ocr_line' id='line_1_56' title="bbox 754 3261 2283 3318; baseline -0.001 -13"><span class='ocrx_word' id='word_1_429' title='bbox 754 3264 800 3305; x_wconf 92' lang='lat' dir='ltr'>in</span> <span class='ocrx_word' id='word_1_430' title='bbox 834 3262 1070 3318; x_wconf 86' lang='lat' dir='ltr'>Campania</span> <span class='ocrx_word' id='word_1_431' title='bbox 1101 3262 1321 3318; x_wconf 88' lang='lat' dir='ltr'>confugit,</span> <span class='ocrx_word' id='word_1_432' title='bbox 1361 3275 1498 3317; x_wconf 92' lang='lat' dir='ltr'>eoque</span> <span class='ocrx_word' id='word_1_433' title='bbox 1529 3262 1711 3305; x_wconf 87' lang='lat' dir='ltr'>Romam</span> <span class='ocrx_word' id='word_1_434' title='bbox 1753 3262 1883 3304; x_wconf 87' lang='lat' dir='ltr'>ducto</span> <span class='ocrx_word' id='word_1_435' title='bbox 1916 3261 2132 3316; x_wconf 87' lang='lat' dir='ltr'>Sulpicias</span> <span class='ocrx_word' id='word_1_436' title='bbox 2162 3261 2283 3318; x_wconf 87' lang='lat' dir='ltr'>leges</span> 
     </span>
    </p>
   </div>
   <div class='ocr_carea' id='block_1_19' title="bbox 680 3320 2282 3378">
    <p class='ocr_par' dir='ltr' id='par_1_24' title="bbox 680 3320 2282 3378">
     <span class='ocr_line' id='line_1_57' title="bbox 680 3320 2282 3378; baseline -0.001 -13"><span class='ocrx_word' id='word_1_437' title='bbox 680 3367 683 3369; x_wconf 72' lang='grc'>,</span> <span class='ocrx_word' id='word_1_438' title='bbox 754 3321 870 3365; x_wconf 92' lang='lat' dir='ltr'>tollit</span> <span class='ocrx_word' id='word_1_439' title='bbox 899 3334 1130 3378; x_wconf 88' lang='lat' dir='ltr'>earumque</span> <span class='ocrx_word' id='word_1_440' title='bbox 1163 3325 1381 3364; x_wconf 87' lang='lat' dir='ltr'>auctorem</span> <span class='ocrx_word' id='word_1_441' title='bbox 1414 3334 1511 3364; x_wconf 92' lang='lat' dir='ltr'>cum</span> <span class='ocrx_word' id='word_1_442' title='bbox 1543 3321 1591 3364; x_wconf 90' lang='lat' dir='ltr'>C.</span> <span class='ocrx_word' id='word_1_443' title='bbox 1623 3321 1758 3364; x_wconf 89' lang='lat' dir='ltr'>Mario</span> <span class='ocrx_word' id='word_1_444' title='bbox 1790 3322 1834 3363; x_wconf 89' lang='lat' dir='ltr'>et</span> <span class='ocrx_word' id='word_1_445' title='bbox 1865 3329 1898 3361; x_wconf 86' lang='lat' dir='ltr'>x</span> <span class='ocrx_word' id='word_1_446' title='bbox 1932 3320 2028 3363; x_wconf 89' lang='lat' dir='ltr'>aliis</span> <span class='ocrx_word' id='word_1_447' title='bbox 2060 3321 2208 3363; x_wconf 91' lang='lat' dir='ltr'>hostes</span> <span class='ocrx_word' id='word_1_448' title='bbox 2230 3321 2282 3363; x_wconf 91' lang='lat' dir='ltr'>ab</span> 
     </span>
    </p>
   </div>
   <div class='ocr_carea' id='block_1_20' title="bbox 755 3379 2284 3554">
    <p class='ocr_par' dir='ltr' id='par_1_25' title="bbox 755 3379 2284 3554">
     <span class='ocr_line' id='line_1_58' title="bbox 756 3379 2284 3436; baseline -0.002 -12"><span class='ocrx_word' id='word_1_449' title='bbox 756 3382 911 3424; x_wconf 87' lang='lat' dir='ltr'>senatu</span> <span class='ocrx_word' id='word_1_450' title='bbox 941 3381 1124 3423; x_wconf 86' lang='lat' dir='ltr'>iudicari</span> <span class='ocrx_word' id='word_1_451' title='bbox 1152 3381 1286 3424; x_wconf 91' lang='lat' dir='ltr'>iubet.</span> <span class='ocrx_word' id='word_1_452' title='bbox 1349 3381 1570 3436; x_wconf 87' lang='lat' dir='ltr'>Sulpicius</span> <span class='ocrx_word' id='word_1_453' title='bbox 1601 3381 1696 3436; x_wconf 92' lang='lat' dir='ltr'>ipse</span> <span class='ocrx_word' id='word_1_454' title='bbox 1728 3379 1952 3432; x_wconf 87' lang='lat' dir='ltr'>occiditur,</span> <span class='ocrx_word' id='word_1_455' title='bbox 1985 3379 2122 3431; x_wconf 88' lang='lat' dir='ltr'>Marii,</span> <span class='ocrx_word' id='word_1_456' title='bbox 2162 3382 2284 3435; x_wconf 87' lang='lat' dir='ltr'>pater</span> 
     </span>
     <span class='ocr_line' id='line_1_59' title="bbox 755 3439 2074 3495; baseline -0.003 -12"><span class='ocrx_word' id='word_1_457' title='bbox 755 3443 799 3483; x_wconf 90' lang='lat' dir='ltr'>et</span> <span class='ocrx_word' id='word_1_458' title='bbox 829 3439 958 3490; x_wconf 91' lang='lat' dir='ltr'>filius,</span> <span class='ocrx_word' id='word_1_459' title='bbox 991 3439 1217 3495; x_wconf 85' lang='lat' dir='ltr'>effugiunt,</span> <span class='ocrx_word' id='word_1_460' title='bbox 1250 3440 1450 3495; x_wconf 89' lang='lat' dir='ltr'>circaque</span> <span class='ocrx_word' id='word_1_461' title='bbox 1481 3439 1653 3482; x_wconf 87' lang='lat' dir='ltr'>Africae</span> <span class='ocrx_word' id='word_1_462' title='bbox 1686 3452 1804 3482; x_wconf 90' lang='lat' dir='ltr'>oram</span> <span class='ocrx_word' id='word_1_463' title='bbox 1836 3440 2074 3481; x_wconf 87' lang='lat' dir='ltr'>versantur.</span> 
     </span>
     <span class='ocr_line' id='line_1_60' title="bbox 814 3496 2284 3554; baseline -0.003 -11"><span class='ocrx_word' id='word_1_464' title='bbox 814 3499 990 3543; x_wconf 90' lang='lat' dir='ltr'>Interim</span> <span class='ocrx_word' id='word_1_465' title='bbox 1029 3511 1106 3540; x_wconf 83' lang='lat' dir='ltr'>rex</span> <span class='ocrx_word' id='word_1_466' title='bbox 1137 3499 1406 3543; x_wconf 86' lang='lat' dir='ltr'>Mithridates</span> <span class='ocrx_word' id='word_1_467' title='bbox 1446 3501 1580 3542; x_wconf 88' lang='lat' dir='ltr'>totam</span> <span class='ocrx_word' id='word_1_468' title='bbox 1614 3497 1762 3540; x_wconf 87' lang='lat' dir='ltr'>Asiam</span> <span class='ocrx_word' id='word_1_469' title='bbox 1802 3499 1972 3554; x_wconf 84' lang='lat' dir='ltr'>praeter</span> <span class='ocrx_word' id='word_1_470' title='bbox 2002 3496 2201 3540; x_wconf 88' lang='lat' dir='ltr'>Rhodum</span> <span class='ocrx_word' id='word_1_471' title='bbox 2241 3500 2284 3541; x_wconf 90' lang='lat' dir='ltr'>et</span> 
     </span>
    </p>
   </div>
  </div>
 </body>
</html>
