2392 4016
331 197 387 241 56
1103 197 1278 237 Annales
1308 198 1478 237 Romani

335 388 585 442 Tarquinio,
617 401 695 443 per
725 388 906 431 sicarios
937 402 963 431 a
983 389 1155 431 Marciis
1187 390 1422 433 conductos
1452 391 1577 447 regni
1608 404 1720 434 anno
1752 391 1822 435 38.
1855 392 1918 433 in-

390 445 602 498 terfecto,
627 447 822 490 succedit
853 448 946 490 sine
978 451 1145 503 patrum
1180 449 1456 501 auctoritate,
1490 450 1567 492 sed
1599 443 1737 506 plebis
1769 451 1918 492 volun-

391 507 479 547 tate
510 518 587 547 rex
617 506 786 549 Servius
822 506 983 548 Tullius

332 565 593 617 Esquilinum
625 567 669 607 et
699 565 934 607 Viminalem
976 567 1164 607 montem
1204 566 1299 607 urbi
1338 565 1478 618 addit,
1518 579 1723 623 muroque
1762 568 1916 623 cingit:

390 624 535 678 itaque
567 636 663 665 eum
696 624 814 666 urbis
846 624 1051 666 ambitum
1083 623 1230 676 efficit,
1262 625 1335 679 qui
1367 627 1520 679 postea
1552 626 1624 668 diu
1656 627 1827 669 mansit.

332 682 546 736 Populum
578 683 622 724 in
654 682 681 726 5
713 683 878 726 classes
911 685 956 725 et
979 683 1063 725 170
1088 683 1306 726 centurias
1330 696 1383 726 ex
1406 696 1539 727 censu
1564 685 1795 737 distribuit,
1828 686 1919 741 qui-

391 741 472 783 bus
507 741 724 784 exercitus
755 742 956 797 pedester
987 740 1243 794 efficeretur,
1275 742 1342 785 his
1373 742 1602 786 adiunctae
1626 743 1679 788 18
1702 746 1921 788 centuriae

394 799 598 899 eqlliitum
670 800 766 843 Una
798 801 993 843 centuria
1022 813 1259 856 pauperum
1292 814 1326 844 s.
1360 802 1688 857 proletariorum
1718 804 1920 846 immunis

393 871 452 899 m1
470 859 547 900 itia
578 860 658 900 est.

333 915 453 958 Idem
482 917 652 971 plebem
682 917 728 958 in
761 918 933 971 triqinta
956 919 1098 970 tribus,
1128 917 1156 960 4
1179 917 1380 971 urbanas,
1413 917 1469 961 26
1490 920 1692 972 rusticas,
1723 932 1801 975 pro
1834 920 1921 962 situ

391 987 592 1029 agrorum
624 975 856 1017 distribuit.
905 974 1116 1030 (Dionys.
1145 976 1187 1028 4,
1222 976 1316 1027 15.)

333 1032 498 1074 Fanum
523 1033 685 1075 Dianae
707 1033 870 1075 Romae
901 1046 925 1075 a
947 1034 1114 1076 Latinis
1146 1035 1392 1090 populoque
1413 1035 1609 1079 Romano
1641 1038 1924 1080 communiter

394 1091 657 1143 aedificatur,
699 1094 903 1146 tanquam
934 1095 1258 1134 monumentum
1290 1095 1526 1137 societatis.

340 1150 588 1203 Tarquinius
618 1151 850 1204 Superbus,
894 1150 1033 1193 Prisci
1067 1150 1292 1206 Tarquinii
1322 1151 1438 1195 filius
1469 1165 1682 1208 neposve,
1724 1151 1922 1196 Servium

392 1222 554 1265 regem,
578 1222 775 1252 socerum
798 1222 938 1260 suum,
961 1221 1094 1265 regno
1117 1209 1231 1264 quod
1253 1223 1330 1265 per
1349 1210 1406 1253 44
1429 1224 1564 1254 annos
1587 1211 1922 1265 administrarat,

394 1269 567 1323 vitaque
598 1267 830 1324 privat,'et
859 1268 1062 1315 ferociter
1090 1271 1244 1323 regnat
1275 1282 1410 1312 annos
1443 1269 1499 1313 25

338 1327 510 1370 Certum
535 1330 578 1369 et
599 1330 855 1382 perpetuum
875 1327 1027 1370 foedus
1049 1328 1192 1383 iungit
1213 1333 1309 1370 cum
1330 1328 1498 1372 Latinis
1519 1329 1693 1384 populis
1717 1327 1924 1384 (priscis),

395 1390 442 1428 ut
471 1387 738 1441 principatus
770 1399 905 1441 penes
928 1386 1147 1429 Romanos
1169 1389 1299 1440 esset,
1330 1388 1446 1443 iique
1468 1388 1767 1443 praesiderent
1786 1389 1924 1431 sacris

394 1445 439 1486 in
470 1444 639 1487 Albano
668 1448 816 1487 'monte
846 1444 1071 1487 faciendis.

338 1503 509 1547 Bellum
541 1506 685 1546 movet
716 1503 924 1546 adversus
945 1504 1154 1556 Volscos,
1195 1504 1247 1547 ab
1277 1504 1418 1559 iisque
1450 1504 1657 1547 Suessam
1687 1505 1926 1548 Pometiam

401 1563 530 1617 capit,
555 1562 747 1605 colonias
767 1562 960 1605 Circeios
982 1565 1026 1605 et
1043 1563 1238 1618 Signiam
1261 1562 1315 1604 ad
1333 1562 1443 1605 fines
1465 1563 1758 1606 defendendos
1780 1565 1924 1607 mittit.

340 1620 516 1673 Gabios,
548 1621 699 1663 urbem
729 1622 1035 1676 propinquam,
1068 1621 1146 1664 sed
1177 1621 1365 1664 foederis
1397 1621 1540 1664 Latini
1573 1625 1816 1678 expertem,
1847 1636 1926 1679 per

395 1679 578 1722 Sextum
606 1679 741 1722 filium
773 1680 871 1722 dolo
902 1681 1031 1735 capit.

338 1738 565 1794 Templum
589 1738 720 1790 Iovis,
754 1738 933 1781 lunonis
954 1739 1256 1794 Minervaeque
1286 1739 1332 1780 in
1353 1741 1497 1781 monte
1518 1739 1718 1796 Tarpeio,
1751 1754 1777 1782 a
1794 1740 1923 1796 Tarq.

396 1797 546 1839 Prisco
576 1797 838 1849 inchoatum,
868 1798 1039 1853 ingenti
1067 1797 1214 1840 labore
1243 1796 1426 1854 perficit.

341 1855 484 1908 Cives,
518 1857 603 1898 iam
635 1855 799 1898 dudum
830 1869 960 1912 aegre
992 1856 1258 1898 dominatum
1287 1857 1456 1912 regium
1485 1847 1688 1909 ferentes,
1731 1870 1830 1900 cum
1859 1859 1926 1900 vis

397 1914 650 1966 Lucretiae,
689 1915 827 1957 nobili
855 1918 1097 1967 matronae,
1138 1929 1163 1957 a
1194 1915 1328 1958 Sexto
1361 1915 1597 1970 Tarquinio
1635 1916 1758 1958 illata
1795 1916 1926 1968 e'sset,

395 1974 458 2016 ita
493 1974 828 2027 exacerbantur,
867 1976 917 2017 ut
946 1974 994 2016 L.
1027 1974 1152 2016 Iunio
1184 1973 1318 2016 Bruto
1361 1976 1537 2018 auctore
1577 1972 1832 2030 obsequium
1860 1988 1927 2018 re-

400 2033 528 2087 gibus
560 2032 789 2088 denegent,
822 2045 984 2089 eosque
1015 2034 1122 2076 urbe
1154 2033 1389 2076 excludant

1981 355 2012 379 a.
2036 347 2118 380 Chr.
2165 357 2198 378 u.
2222 357 2250 379 c.

2009 509 2095 553 578
2170 510 2253 552 176

2015 1265 2101 1308 534
2172 1265 2259 1308 220

2019 2032 2106 2077 510
2175 2033 2261 2076 244

339 2249 530 2291 Secunda
553 2249 750 2302 periodus
779 2263 807 2290 a
839 2250 1024 2291 libertate
1054 2250 1242 2291 instituta
1271 2264 1395 2302 usque
1433 2250 1492 2290 ad
1525 2251 1745 2302 composita
1779 2250 2023 2302 plebeiorum
2066 2259 2104 2291 et
2130 2252 2262 2304 patri-

452 2309 601 2350 ciorum
633 2309 865 2356 certamina,
899 2311 952 2349 ab
984 2323 1022 2350 a.
1057 2307 1158 2361 510,
1188 2323 1228 2350 u.
1263 2324 1297 2350 c.
1329 2307 1429 2360 244,
1461 2323 1586 2361 usque
1615 2309 1675 2349 ad
1701 2323 1742 2349 a.
1774 2307 1875 2360 366,
1906 2324 1945 2349 u.
1977 2324 2010 2350 c.
2042 2307 2143 2351 388.

338 2393 481 2426 αΜΟΙιι·
541 2402 627 2426 uc.

370 2438 455 2483 509
539 2438 624 2483 245
678 2439 777 2482 Cos.
810 2439 863 2480 L.
885 2440 1029 2491 Iunius
1059 2440 1235 2491 Brutus,
1263 2440 1322 2481 ·.L
1350 2439 1599 2493 Tarquinius
1634 2439 1874 2491 Collatinus,
1915 2438 2011 2487 suff.
2046 2438 2261 2483 Collatino

732 2498 783 2539 P.
812 2498 1001 2540 Valerius
1030 2499 1259 2552 Poplicola,
1290 2498 1426 2541 Bruto
1457 2499 1533 2553 Sp.
1565 2499 1782 2540 Lucretius
1815 2498 2092 2552 Tricipitinus,
2126 2510 2261 2554 eoque

733 2559 902 2599 mortuo
922 2558 986 2601 M
1008 2558 1212 2599 Horatius
1231 2556 1473 2608 Pulvillus.)
1526 2556 1671 2600 Creati
1691 2556 1877 2599 comitiis
1900 2557 2154 2600 centuriatis
2177 2558 2261 2600 duo

736 2616 952 2668 consules,
987 2617 1078 2659 sive
1094 2625 1312 2673 praetores
1342 2619 1435 2659 tum
1464 2617 1621 2668 vocati,
1652 2617 1774 2671 regia
1802 2617 2033 2671 potestate,
2067 2616 2145 2658 sed
2166 2629 2262 2659 cum

720 2675 842 2717 'alter
873 2676 1026 2718 consul
1056 2675 1105 2718 L.
1131 2674 1392 2730 Tarquinius
1423 2675 1611 2724 invidiae
1643 2675 1798 2717 cedere
1829 2676 2006 2716 coactus
2039 2677 2171 2727 esset,
2215 2676 2260 2718 in

736 2734 828 2775 eius
860 2733 1005 2776 locum
1037 2736 1206 2776 creatur
1227 2734 1274 2776 P.
1298 2734 1513 2777 Valerius.
1560 2735 1693 2776 Fiunt
1725 2734 1855 2777 etiam
1886 2735 2154 2788 quaestores,
2186 2733 2263 2776 sed

649 2800 661 2805 ⁴
737 2805 762 2833 a
793 2792 1058 2834 consulibus.
1124 2793 1311 2835 Senatus
1344 2793 1543 2849 expletur
1572 2793 1755 2849 plebeiis
1789 2792 2019 2847 equitibus,
2056 2791 2157 2834 inde
2188 2792 2263 2834 du-

734 2849 838 2905 plex
870 2863 1026 2892 nomen
1057 2853 1202 2905 patres
1236 2854 1279 2893 et
1311 2852 1560 2907 conscripti.
1627 2851 1876 2894 Coniuratio
1909 2850 2116 2892 nobilium
2146 2851 2263 2893 iuve-

736 2920 838 2950 num
871 2909 925 2950 ad
945 2921 1073 2963 reges
1094 2909 1387 2953 restituendos
1411 2910 1629 2966 detegitur
1651 2912 1694 2952 et
1714 2909 1971 2960 vindicatur,
2003 2911 2265 2964 quapropter

733 2967 846 3024 regii
877 2967 971 3023 agri
1000 2967 1288 3022 publicantur
1341 2969 1597 3011 Veientibus
1631 2940 2105 3022 Tarquiniensib'usque
2136 2980 2263 3023 reges

736 3026 866 3069 armis
897 3025 1103 3068 reducere
1136 3027 1414 3078 conantibus,
1453 3039 1602 3082 pugna
1633 3025 1701 3078 fit,
1740 3039 1825 3080 qua
1855 3026 2016 3066 Brutus
2039 3028 2089 3070 et
2119 3024 2263 3068 Aruns

737 3084 996 3140 Tarquinius
1038 3085 1200 3128 mutuis
1238 3060 1488 3128 vulneri’bus
1528 3059 1725 3140 pereun’t.
1800 3083 1963 3126 Eodem
2004 3096 2114 3126 anno
2156 3086 2264 3127 anti-

737 3144 992 3199 quissimum
1031 3143 1183 3186 foedus
1231 3157 1329 3186 cum
1370 3143 1800 3200 Carthaginiensibus
1839 3143 1973 3184 ictum
2013 3145 2104 3195 est,
2151 3144 2265 3198 apud

735 3202 888 3257 Polyb.
921 3203 963 3254 3,
995 3201 1066 3255 22,
1105 3215 1190 3267 quo
1222 3203 1514 3245 Romanorum
1550 3204 1643 3245 tum
1680 3202 1816 3244 fuisse
1854 3201 1986 3243 maris
2019 3213 2135 3243 oram
2167 3214 2262 3256 usq.

737 3260 791 3302 ad
822 3261 1114 3303 Terracinam
1131 3263 1321 3317 apparet.
1382 3261 1476 3303 Lex
1497 3261 1673 3304 Valeria
1701 3261 1790 3302 lata
1820 3259 1873 3302 de
1904 3260 2225 3328 provocatione.

373 3318 459 3362 508
540 3319 625 3362 246
679 3318 779 3365 Cos.
811 3320 863 3362 P.
889 3320 1078 3362 Valerius
1107 3321 1322 3375 Poplicola
1352 3321 1424 3372 ΙΙ,
1475 3321 1522 3362 T.
1556 3321 1774 3371 Lucretius
1809 3318 2085 3372 Tricipitinus.
2089 3317 2113 3368 )
2165 3319 2263 3360 Por-

735 3392 854 3431 sena,
891 3391 969 3420 rex
1010 3378 1236 3431 Clusinus,
1286 3379 1504 3422 Romanos
1546 3369 1816 3435 aggreditur,
1855 3377 1995 3419 victos
2038 3376 2263 3420 obsidione

736 3437 913 3492 premit
923 3438 968 3479 et
1007 3437 1061 3479 ad
1093 3438 1354 3481 deditionem
1385 3438 1541 3494 adigit:
1583 3437 1806 3481 obsidibus
1839 3435 2031 3491 acceptis
2065 3438 2108 3478 et
2139 3448 2263 3492 agro-

736 3509 831 3537 rum
871 3497 991 3550 parte
1033 3497 1161 3538 tertia
1201 3497 1420 3552 adempta,
1470 3496 1680 3539 infirmam
1722 3497 1862 3550 neque
1900 3496 2044 3536 tamen
2083 3495 2258 3550 regibus

738 3554 974 3596 subiectam
1009 3554 1224 3596 civitatem
1258 3556 1476 3610 relinquit.
