2392 4016
371 190 428 233 28
1081 190 1298 239 Imperium
1331 189 1585 229 Graecorum.

1998 335 2124 367 a.Chr.
2183 336 2194 367 l
2224 345 2256 367 m
2287 358 2294 366 .

431 379 678 432 Graeciam,
720 379 930 435 imprimis
962 381 1018 424 ad
1049 380 1300 432 Thebanos,
1341 379 1649 432 Athenienses,
1697 379 1959 431 Corinthios,
2150 335 2180 368 O
2198 345 2221 376 y
2259 345 2281 376 p

429 438 630 494 Argivos,
663 451 761 480 cum
793 440 976 494 pecunia
1007 440 1183 482 dimittit
1215 439 1269 482 ad
1300 439 1459 482 bellum
1491 442 1641 482 contra
1671 439 1957 481 Lacedaemo-

431 498 526 539 nios
559 496 817 540 movendum
2022 495 2109 540 395

372 557 495 598 Illico
530 556 745 608 Thebani,
787 557 887 599 dum
918 557 1165 600 Phocenses
1204 558 1424 613 premunt,
1464 532 1818 599 Lacedaemoniis
1859 555 1961 598 belli

401 604 608 721 ‘causam
638 615 860 670 praebent.
932 617 1145 671 Lysander
1185 618 1338 663 contra.
1374 627 1449 658 eos
1481 615 1641 658 missus
1674 615 1887 658 occiditur
1916 616 1962 656 in

428 687 576 729 pugna
607 674 662 716 ad
693 675 933 717 Haliartum
2020 670 2107 715 395
2169 671 2224 715 96
2247 671 2274 713 2

374 732 466 784 Quo
498 732 612 774 facto
646 746 744 774 cum
769 733 1056 776 Athenienses
1090 745 1191 775 suas
1224 733 1371 788 copias
1395 732 1614 774 Thebanis
1646 731 1959 784 adiunxissent‚

431 792 670 834 Pausanias
703 804 800 834 cum
827 793 961 835 altero
985 804 1127 834 exerc.
1150 791 1589 834 Lacedaemoniorum
1609 791 1758 834 hostes
1782 790 1963 846 aggredi

431 863 518 892 non
557 863 712 903 ausus,
759 851 944 894 Boeotia
981 850 1173 903 excedit,
1223 863 1324 893 mox
1362 863 1457 893 eam
1497 850 1551 892 ob
1591 862 1766 901 causam
1805 850 1961 905 capitis

433 909 673 952 damnatus.

372 967 705 1010 Lacedaemonii
736 981 834 1010 cum
854 967 1096 1010 Arcadibus
1127 967 1354 1010 victoriam
1385 967 1438 1010 de
1458 966 1657 1010 hostibus
1680 967 1735 1010 ad
1756 967 1962 1010 Nemeam

431 1028 653 1080 reportant
2023 1025 2111 1069 394

378 1084 487 1126 Item
508 1079 732 1138 Asyesilaus
753 1083 926 1125 domum
944 1085 1188 1136 revocatus,
1219 1096 1296 1138 per
1316 1083 1612 1126 Macedoniam
1633 1087 1677 1126 et
1697 1085 1967 1128 Thessaliam

433 1143 668 1198 profectus,
701 1143 844 1185 socios
876 1142 931 1184 ad
957 1143 1174 1184 Coroneam
1205 1141 1354 1194 vincit,
1387 1141 1467 1184 sed
1494 1143 1590 1197 ipse
1609 1143 1859 1222 vulneratur
1885 1157 1966 1187 nec

433 1202 568 1244 utitur
598 1202 779 1244 victoria
2024 1200 2111 1244 394
2172 1199 2228 1243 96
2250 1199 2277 1242 3

375 1260 543 1302 Eodem
573 1259 662 1302 fere
693 1262 900 1315 tempore,
935 1259 1012 1302 sed
1042 1259 1171 1316 paulo
1205 1261 1317 1311 ante,
1349 1218 1790 1302 Lacedaemoniorum
1811 1261 1966 1304 classis

433 1319 540 1361 duce
572 1319 783 1362 Pisandro
816 1319 870 1360 ad
897 1320 1065 1361 Cnidum
1097 1332 1122 1361 a
1152 1318 1430 1361 Pharnabazo
1462 1319 1507 1359 et
1533 1318 1690 1361 Conone
1709 1318 1967 1363 Atheniensi

336 1284 349 1436 l
433 1374 687 1421 devincitur.
750 1378 1008 1421 Harmostae
1042 1378 1246 1434 Spartani
1285 1377 1516 1420 eiiciuntur
1547 1390 1603 1420 ex
1633 1378 1811 1421 urbibus
1841 1378 1967 1422 Asia·
2026 1375 2114 1419 394
2175 1375 2230 1418 96
2252 1375 2280 1420 3

432 1438 547 1480 ticis.

381 1497 596 1538 Corinthus
625 1495 886 1538 factionibus
918 1496 1107 1538 lacerata
1138 1495 1264 1537 sedes
1295 1493 1402 1537 belli
1429 1494 1492 1547 fit,
1525 1495 1640 1550 quod
1660 1493 1891 1552 Agesilaus
1922 1498 1967 1539 et

389 1547 673 1615 'Iphicrates
705 1553 984 1598 Atheniensis
1018 1555 1238 1597 sustinent
1291 1591 1294 1593 ,
2025 1551 2112 1595 393

377 1612 558 1656 Classis
562 1612 744 1656 Persica
775 1626 893 1656 oram
914 1614 1158 1656 Laconicae
1189 1613 1439 1681 populatur·
1478 1613 1609 1655 Conon
1641 1613 1796 1669 longos
1817 1624 1963 1663 muros

431 1673 762 1715 Atheniensium
795 1664 847 1715 et'
859 1674 1060 1715 Piraeum
1089 1672 1274 1740 pecunia
1295 1672 1472 1714 Persica
1500 1672 1816 1715 restituendum
1843 1675 1965 1715 curat
2023 1669 2110 1713 393
2172 1669 2228 1712 96
2249 1669 2278 1711 4

375 1731 606 1787 Agesilaus
627 1731 872 1774 Corinthios
893 1733 1063 1787 premit,
1094 1732 1402 1786 regionemque
1424 1730 1724 1786 depopulatur,
1745 1731 1824 1774 sed
1844 1744 1965 1774 mora

331 1738 350 1871 ι
434 1790 647 1845 Spartana
678 1791 730 1832 ab
762 1790 972 1843 Iphicrate
1001 1788 1244 1846 intercepta
1274 1790 1517 1832 conciditur
1547 1789 1656 1842 (250
1686 1789 1829 1841 milit.)
2024 1786 2110 1830 392
2174 1786 2229 1829 96
2251 1787 2280 1828 4

374 1847 631 1904 Agesilaus-
622 1849 960 1904 -expeditionem
990 1849 1037 1906 in
1067 1837 1356 1891 Acarnaniam
1387 1849 1573 1904 suscipit
2025 1846 2109 1890 391
2175 1846 2230 1889 97
2255 1845 2282 1887 2

374 1908 534 1950 Persae
574 1920 725 1950 rursus
757 1908 1200 1951 Lacedaemoniorum
1239 1907 1370 1950 rebus
1409 1907 1577 1960 favent,
1619 1906 1770 1950 Conon
1799 1908 1845 1950 in
1874 1909 1967 1951 vin-

435 1959 544 2009 cffiis
578 1966 778 2009 habetur:
810 1967 1100 2010 Athenienses
1134 1969 1286 2010 contra
1315 1966 1520 2010 adiuvant
1539 1940 1798 2022 E’uagoram,
1831 1966 1966 2023 Cypri

432 2039 594 2081 regem,
627 2040 659 2067 a
671 2026 818 2070 Persis
841 2026 1126 2070 deficientem.
1176 2025 1476 2081 Thrasybulus
1504 2039 1529 2068 a
1551 2025 1751 2069 Teleutia
1771 2026 1966 2069 caeditur

197 2118 261 2137 Q,
435 2085 489 2126 ad
518 2084 770 2140 Aspendum
2027 2081 2116 2125 390

373 2143 498 2185 Plato
528 2143 810 2199 philosophus
842 2144 1115 2199 agnoscitur:
1147 2143 1193 2185 in
1225 2143 1421 2186 Siciliam
1450 2142 1669 2198 profectus
2169 2140 2223 2183 97
2247 2141 2276 2183 4

373 2202 668 2256 Aristophanes
698 2203 873 2244 Plutum
903 2202 1099 2244 ultimam
1131 2215 1210 2244 suo
1242 2203 1414 2244 nomine
1446 2202 1636 2244 fabulam
1666 2201 1794 2244 docet
2025 2198 2112 2243 388
2174 2199 2230 2242 97
2252 2200 2282 2241 4

368 2262 606 2316 Iphicrates
650 2263 694 2304 et
729 2262 953 2313 Chabrias,
995 2261 1147 2317 optimi
1183 2261 1487 2316 imperatores,
1529 2260 1858 2303 Atheniensium
1895 2274 1966 2304 res

435 2321 667 2373 sustinent,
698 2321 844 2376 itaque
875 2320 1034 2362 Laced.
1055 2320 1282 2362 Antalcida
1311 2321 1357 2362 in
1378 2318 1529 2362 Asiam
1559 2320 1709 2372 misso,
1741 2332 1840 2362 cum
1860 2320 1962 2362 Per-

436 2392 581 2422 sarum
611 2392 713 2435 rege
746 2392 796 2422 ac
828 2380 1013 2435 satrapis
1035 2392 1187 2435 pacem
1214 2381 1490 2434 componunt,
1522 2391 1607 2434 qua
1627 2378 1891 2422 Graecarum
1920 2380 1966 2421 in

434 2436 541 2481 Asia
572 2439 796 2481 civitatum
825 2439 1002 2481 libertas
1034 2438 1180 2481 Persis
1211 2437 1408 2494 proditur
2029 2435 2116 2480 388
2177 2435 2233 2479 98
2258 2436 2279 2478 1

374 2497 470 2539 Pax
507 2497 755 2539 Antalcidea
801 2498 854 2540 ab
892 2495 1231 2540 Atheniensibus
1279 2497 1509 2552 accipitur,
1557 2496 1713 2552 quibus
1760 2495 1966 2549 Lemnus,

438 2556 622 2608 ImerS,
657 2556 822 2612 Scyrus
852 2557 1023 2599 insulae
1053 2556 1324 2599 addicuntur.
1387 2554 1568 2611 Ceterae
1600 2556 1798 2599 civitates
1829 2558 1874 2598 et
1902 2556 1967 2598 in-

436 2615 575 2657 sulae*
588 2615 657 2658 sui
686 2616 793 2658 iuris
825 2614 934 2658 fiunt
1014 2632 1021 2642 ·
2027 2610 2113 2654 387
2176 2610 2232 2654 98
2254 2610 2280 2652 2

378 2674 588 2717 Civitates
621 2674 854 2717 Boeoticae
897 2673 1135 2717 secundum
1173 2685 1327 2728 pacem
1363 2672 1623 2726 liberantur,
1662 2673 1863 2716 Plataeae
1901 2686 1968 2716 re-

436 2733 688 2785 stituuntur,
719 2733 873 2788 Argivi
905 2732 1111 2776 Corintho
1144 2732 1373 2775 excedunt.
1425 2732 1746 2775 Mantineenses
1779 2746 1804 2775 a
1832 2732 1967 2775 Lace-

438 2792 675 2834 daemoniis
707 2793 813 2835 ulbe
845 2804 925 2834 sua
954 2804 1106 2834 recens
1139 2791 1313 2834 condita
1344 2791 1463 2834 exire
1495 2794 1539 2834 et
1568 2792 1614 2834 in
1644 2792 1753 2835 vicis
1773 2783 1967 2835 habitare

437 2852 652 2906 coguntur
2030 2846 2116 2890 386
2178 2846 2235 2890 98
2255 2846 2283 2889 3

375 2967 615 3022 Euagoras,
645 2979 724 3009 rex
757 2964 905 3021 Cypri,
937 2978 1037 3008 cum
1067 2965 1214 3008 Persis
1248 2966 1388 3008 classe
1420 2965 1599 3008 dimicat
1783 3019 1785 3021 ‚
2029 2962 2117 3007 385
2178 2963 2234 3006 98
2254 2963 2284 3005 4

375 3025 626 3069 Nascuntur
655 3026 969 3068 Demosthenes
1003 3027 1047 3067 et
1078 3023 1335 3066 Aristoteles
2028 3022 2116 3066 384
2177 3022 2232 3065 99
2258 3022 2279 3064 l

377 3086 611 3127 Phoebidas
642 3085 880 3127 exercitum
910 3083 1351 3126 Lacedaemoniorum
1381 3082 1590 3125 adversus
1623 3079 1861 3138 Olynthum
1891 3083 2025 3125 (111--

438 3156 557 3196 cens,
591 3142 823 3186 Cadmeam
855 3155 998 3185 arcem
1030 3142 1333 3185 Thebanorum
1364 3143 1550 3196 occupat
2026 3138 2112 3182 383
2175 3139 2230 3182 99
2254 3138 2280 3181 2

379 3202 506 3246 Circa
543 3202 754 3258 Olynthum
788 3202 942 3256 opibus
981 3201 1207 3244 florentem
1237 3201 1480 3255 ceterisque
1513 3200 1606 3243 eius
1637 3199 1830 3255 regionis
1862 3200 1966 3243 civi·

436 3261 599 3303 tatibus
640 3262 923 3316 imperantem
963 3261 1119 3302 acriter
1155 3261 1351 3316 pugnant
1387 3258 1742 3312 Lacedaemonii,
1782 3259 1965 3302 ducibus

439 3320 651 3371 Teleutia,
684 3319 911 3376 Agesipoli
940 3332 1058 3374 rege,
1091 3321 1135 3361 et
1165 3317 1416 3374 Polybiade.

377 3379 578 3420 Isocratis
607 3379 904 3434 Panegyricus
937 3378 1141 3420 scribitur
2027 3373 2116 3418 380
2176 3374 2231 3417 99
2253 3373 2282 3416 4

379 3437 574 3479 Tandem
614 3437 809 3493 Olynthii
848 3437 889 3479 4.
923 3448 1034 3479 anno
1082 3449 1129 3479 se
1177 3434 1341 3479 dedunt
1387 3436 1431 3478 et
1468 3424 1825 3518 Lacedaemoniis
1868 3434 1968 3479 sub-

438 3496 616 3537 mittunt
1985 3513 1990 3515 ⁴
2025 3489 2111 3533 379
2146 3489 2233 3533 100
2253 3489 2279 3532 2

377 3553 521 3623 Etiam
550 3555 734 3597 Phliasia·
764 3555 816 3598 ab
847 3552 1054 3610 Agesilao
1086 3553 1160 3597 diu
1191 3552 1361 3597 obsessi
1391 3514 1618 3596 deduntur.
