2392 4016
365 253 449 297 104
1134 250 1312 289 Annales
1343 250 1514 288 Romani

367 397 491 431 a.Chr.
555 406 590 430 u.
607 406 637 429 c.

758 443 807 485 L.
839 443 964 493 Piso,
1002 443 1223 498 assumpto
1263 441 1318 483 M.
1352 440 1515 483 Scauro
1554 440 1719 496 legato,
1758 440 1804 483 in
1834 438 2025 494 Africam
2064 439 2283 494 profectus

759 514 862 545 mox
891 502 1077 557 pecunia
1115 502 1344 556 corruptus
1375 498 1626 554 Iugurtham
1665 499 1710 542 in
1746 498 2011 542 deditionem
2042 497 2286 541 simulatam

760 561 939 616 accipit,
971 562 1015 603 et
1043 573 1150 616 pace
1181 558 1296 601 facta
1327 558 1508 600 Romam
1538 557 1663 600 redit.
1716 557 1805 601 Sed
1834 557 2060 613 rogatione
2092 555 2139 599 C.
2158 556 2288 599 Mem-

759 619 835 661 mii
873 619 971 662 trib.
1004 619 1053 661 L.
1089 618 1268 662 Cassius
1310 630 1373 672 pr.
1403 616 1611 668 mittitur,
1653 617 1728 671 qui
1756 629 1902 672 regem
1933 616 2077 670 ipsum
2108 615 2288 657 Romam

760 677 958 720 adducat.
1036 677 1103 720 Ibi
1142 676 1244 719 dum
1284 676 1382 719 trib.
1430 674 1784 718 altercationibus
1822 678 2034 726 certatur,
2076 673 2290 729 ‘Iugurtha

760 737 1015 789 Massivam,
1054 736 1312 779 Masinissae
1349 736 1573 790 nepotem,
1620 733 1746 789 regni
1785 734 2111 789 competitorem
2149 735 2289 784 necat,

762 795 840 838 sed
871 808 983 838 nova
1013 795 1266 851 quaestione
1286 793 1541 849 perterritus
1563 792 1701 835 Roma
1731 791 1934 848 profugit.
1995 792 2156 833 Romae
2190 803 2289 833 con-

762 854 978 897 tentiones
999 854 1099 897 trib.
1121 853 1179 909 pl.
1202 853 1250 896 P.
1271 852 1444 895 Luculli
1463 854 1509 894 et
1528 851 1577 894 L.
1594 851 1740 904 Annii,
1771 851 1846 906 qui
1866 851 2166 906 magistratum
2190 862 2290 892 con-

762 913 932 955 tinuare
973 913 1241 964 nitebantur,
1284 911 1461 954 comitia
1498 909 1751 966 impediunt.
1815 909 2100 964 Triumphant
2141 908 2290 951 eodem
2374 906 2379 910 ’

763 971 831 1013 die
863 984 1011 1014 mense
1052 970 1223 1023 Sextili,
1253 970 1407 1012 fratres
1438 969 1493 1011 M.
1528 968 1745 1012 Caecilius
1777 981 1834 1011 ex
1867 968 2080 1020 Sardinia,
2115 966 2162 1010 C.
2187 966 2292 1010 Cae-

765 1029 891 1071 cilius
921 1042 976 1071 ex
998 1029 1195 1071 Thracia.
1246 1028 1341 1070 Lex
1365 1028 1520 1070 Thoria
1540 1029 1716 1082 ayraria
1737 1027 1878 1079 (cuius
1899 1027 2106 1082 reliquiae
2128 1023 2294 1076 extant)

767 1100 792 1128 a
823 1086 898 1141 Sp.
934 1087 1093 1130 Thorio
1124 1089 1176 1128 tr.
1216 1087 1275 1141 pl.
1307 1085 1464 1138 fertur,
1504 1097 1590 1141 qua
1626 1086 1956 1140 possessoribus
1996 1086 2090 1142 agri
2130 1084 2294 1140 publici

767 1146 955 1201 vectigal
984 1146 1220 1201 imponitur
1248 1144 1379 1200 idque
1407 1144 1671 1200 pauperibus
1702 1142 1920 1185 dividitur.

402 1205 486 1247 110
568 1204 654 1247 644
716 1203 816 1247 Cos.
863 1205 926 1246 M.
966 1205 1176 1247 Minucius
1206 1204 1366 1258 Rufus,
1405 1203 1481 1258 Sp.
1514 1203 1746 1244 Postumius
1770 1200 1988 1252 Albinus.)
2050 1201 2173 1244 Alter
2203 1214 2292 1244 cos.

765 1263 820 1305 M.
851 1263 989 1307 Rufus
1019 1264 1065 1306 in
1095 1263 1258 1305 Maced.
1289 1275 1410 1318 prov.
1443 1274 1541 1304 cum
1573 1260 1819 1304 Scordiscis
1849 1263 2027 1316 pugnat.
2088 1261 2295 1303 Rescisso

767 1321 1058 1379 Calpurniano
1097 1322 1271 1364 foedere
1311 1321 1386 1377 Sp.
1426 1319 1611 1363 Albinus
1651 1332 1740 1363 cos.
1786 1320 1833 1362 in
1870 1319 2060 1362 Africam
2097 1320 2296 1371 mittitur,

767 1382 842 1437 qui
881 1381 995 1424 bello
1037 1382 1231 1437 segniter
1261 1385 1408 1436 gest0‚
1447 1392 1547 1422 cum
1586 1378 1642 1421 ad
1679 1379 1856 1422 comitia
1884 1378 2066 1421 Romam
2096 1378 2296 1430 redisset,

765 1440 818 1482 A.
851 1441 1077 1492 Albinum,
1123 1440 1322 1492 fratrem,
1345 1439 1559 1494 *legatum
1598 1438 1810 1480 exercitui
1851 1437 2061 1493 praeficit.
2132 1437 2221 1480 Sed
2258 1437 2296 1479 is

769 1499 935 1554 proelio
967 1500 1109 1542 victus
1142 1501 1186 1541 et
1216 1499 1297 1541 sub
1327 1498 1477 1554 iugum
1508 1497 1670 1540 missus
1702 1496 1756 1539 ad
1785 1497 2117 1552 ignominiosam
2147 1508 2298 1551 pacem

767 1557 969 1613 adigitur.
1038 1558 1144 1600 Eius
1175 1558 1239 1610 rei
1271 1569 1403 1600 causa
1435 1555 1483 1599 C.
1517 1556 1733 1598 Mamilius
1771 1556 1870 1598 trib.
1902 1556 2172 1611 rogationem
2202 1554 2299 1606 fert,

767 1619 815 1659 ut
846 1616 899 1659 de
930 1617 1128 1672 pecuniis
1162 1617 1214 1659 ab
1245 1616 1370 1658 hoste
1404 1615 1544 1670 captis
1575 1615 1818 1670 quaeratur.
1870 1614 2138 1656 Damnantur
2160 1614 2298 1665 multi,

768 1677 970 1730 quattuor
1001 1675 1266 1726 consulares,
1298 1674 1347 1716 L.
1379 1673 1544 1726 Bestia,
1584 1673 1632 1715 C.
1666 1672 1789 1725 Cato,
1829 1673 1903 1727 qui
1935 1673 2223 1714 Tarraconem
2253 1673 2300 1714 in

769 1733 948 1775 exilium
980 1734 1084 1786 abit,
1117 1733 1191 1789 Sp.
1214 1734 1413 1785 Albinus,
1452 1732 1502 1774 L.
1527 1731 1739 1787 Opimius,
1777 1732 1872 1787 ipse
1902 1731 2099 1786 pontifex
2131 1731 2179 1773 C.
2203 1731 2299 1774 Sul-

767 1792 909 1847 picius
934 1791 1087 1844 Galba,
1108 1793 1184 1848 qui
1202 1792 1368 1848 primus
1391 1790 1596 1834 sacerdos
1617 1790 1780 1833 iudicio
1802 1790 1918 1845 publ.
1941 1790 2168 1832 damnatus
2191 1792 2270 1833 est.

407 1848 490 1891 109
571 1846 657 1891 645
719 1849 820 1894 Cos.
866 1851 914 1899 Q.
955 1851 1105 1893 Caecil.
1147 1851 1200 1893 L.
1228 1853 1272 1906 s
1313 1851 1470 1892 Metell.
1502 1849 1765 1900 Numidicus,
1812 1849 1877 1890 M
1915 1850 2059 1891 Iunius
2090 1847 2301 1899 Silanus.)

772 1909 822 1961 Q.
844 1910 1043 1952 Metellus
1074 1911 1120 1951 in
1142 1909 1334 1952 Africam
1364 1922 1463 1952 cum
1485 1907 1533 1950 C.
1555 1908 1704 1960 Mario,
1737 1907 1784 1950 P.
1808 1907 1986 1960 Rutilio,
2018 1908 2174 1963 legatis
2205 1920 2302 1963 pro-

770 1968 910 2011 fectus
930 2002 940 2021 ‚
973 1969 1204 2024 disciplina
1233 1968 1411 2011 militari
1439 1968 1662 2020 restituta,
1693 1967 1943 2022 Iugurtham
1974 1967 2138 2022 proelio
2170 1967 2304 2009 vincit

772 2030 816 2070 et
847 2027 901 2070 ad
933 2027 1198 2070 deditionem
1229 2027 1378 2083 adigit.
1428 2025 1511 2078 Qui
1542 2038 1641 2069 cum
1671 2028 1924 2082 apparatum
1953 2025 2160 2068 bellicum
2189 2026 2303 2068 bona

770 2086 854 2129 fide
887 2087 1158 2139 tradidisset,
1197 2087 1368 2141 iamque
1406 2086 1501 2141 ipse
1534 2087 1868 2140 exposceretur,
1907 2085 2136 2128 consilium
2166 2086 2305 2126 mutat

771 2148 815 2188 et
844 2145 1005 2188 bellum
1035 2145 1330 2201 redintegrare
1363 2145 1518 2200 coepit.

828 2203 952 2246 Alter
982 2216 1072 2246 cos.
1095 2204 1270 2246 Silanus
1302 2217 1327 2244 a
1358 2202 1558 2254 Cimbris,
1591 2202 1747 2257 quibus
1780 2201 1907 2244 sedes
1940 2215 1965 2243 a
1996 2214 2086 2244 sen.
2119 2203 2302 2257 negatae

774 2264 943 2314 essent,
990 2263 1035 2304 in
1076 2261 1218 2305 Gallia
1261 2262 1468 2316 transalp.
1506 2261 1707 2303 vincitur.
1784 2261 1839 2302 M.
1879 2261 2094 2302 Minucius
2132 2272 2303 2314 procos.

771 2321 1036 2378 triumphum
1075 2334 1100 2362 a
1130 2321 1268 2376 inseq.
1300 2321 1346 2362 in
1376 2319 1539 2362 Maced.
1573 2321 1774 2361 meretur.
1847 2318 1973 2361 Gens.
2005 2319 2057 2360 M.
2094 2318 2303 2361 Aemilius

773 2379 964 2422 Scaurus
995 2380 1050 2421 M.
1082 2379 1233 2422 Livius
1266 2379 1448 2431 Drusus,
1492 2378 1594 2433 quia
1622 2378 1678 2419 M.
1711 2377 1863 2420 Livius
1893 2378 2089 2429 moritur,
2121 2378 2303 2419 lustrum

770 2451 858 2480 non
881 2438 1085 2490 condunt,
1116 2438 1194 2481 sed
1216 2438 1406 2480 Scaurus
1428 2437 1474 2479 in
1494 2437 1731 2492 Liguribus
1752 2437 1866 2478 viam
1885 2435 2113 2479 Aemiliam
2137 2437 2304 2489 sternit,

770 2499 947 2553 pontem
977 2497 1183 2539 Mulvium
1214 2496 1330 2539 facit.

410 2557 494 2601 108
576 2556 661 2599 646
725 2556 825 2600 Cos.
857 2556 950 2598 Ser.
980 2555 1194 2610 Sulpicius
1230 2556 1388 2607 Galba,
1437 2555 1490 2595 L.
1524 2554 1790 2605 Hortensius,
1841 2565 1976 2608 eoque
2009 2553 2208 2595 damnato
2239 2554 2303 2595 M.

771 2616 966 2657 Aurelius
996 2614 1220 2665 Scaurus.)
1281 2615 1336 2656 M.
1371 2613 1562 2657 Scaurus
1600 2612 1694 2654 adv.
1729 2611 1926 2655 Cimbros
1969 2615 2012 2654 et
2042 2613 2136 2668 ipse
2166 2612 2327 2654 infeli-'

773 2675 915 2717 liciter
954 2676 1132 2730 pugnat.
1205 2673 1253 2725 Q.
1285 2673 1484 2716 Metellus
1516 2684 1689 2728 prorog.
1729 2671 1830 2726 imp.
1862 2671 2110 2713 Numidiam
2140 2674 2304 2714 vastat:

777 2733 854 2775 sed
885 2732 987 2774 dum
1017 2733 1178 2775 bellum
1218 2733 1333 2775 lente
1367 2731 1499 2787 gerit,
1538 2730 1828 2793 Numidarum(
1850 2730 2139 2786 proditionem
2177 2743 2306 2786 expe-

776 2793 922 2843 ctans,
945 2790 1013 2834 ·C.
1044 2792 1178 2834 Mario
1212 2790 1504 2834 calumniandi
1536 2790 1605 2832 sui
1634 2789 1857 2831 materiam
1888 2790 2080 2844 praebet,
2119 2802 2203 2844 qua
2233 2789 2306 2831 ille

776 2862 881 2892 usus
913 2851 958 2892 et
987 2850 1168 2892 Romam
1199 2850 1419 2906 profectus
1452 2862 1541 2892 cos.
1575 2848 1830 2891 declaratur.
1902 2847 2029 2891 Cens.
2063 2847 2112 2899 Q.
2144 2849 2305 2891 Fabius

774 2909 887 2950 Max.
919 2906 1141 2963 Allobrog.
1177 2908 1224 2951 C.
1255 2909 1452 2951 Licinius
1487 2907 1600 2951 Geta
1629 2907 1752 2949 lustr.
1785 2906 1841 2950 63
1873 2907 2076 2949 condunt.

420 2968 502 3011 107
586 2967 670 3010 647
734 2966 834 3010 Cos.
865 2967 920 3010 L.
958 2967 1124 3009 Cassius
1155 2967 1380 3022 Lonyinus,
1418 2967 1461 3008 C.
1494 2967 1674 3018 Marius,
1704 2968 1757 3007 tr.
1788 2965 1847 3020 pl.
1879 2965 1930 3008 L.
1953 2964 2170 3016 Crassus.)
2220 2965 2306 3007 Ma-

775 3027 865 3069 rius
897 3025 1048 3082 populi
1076 3026 1200 3068 iussu
1230 3025 1478 3068 Numidiam
1509 3037 1632 3080 prov.
1664 3024 1843 3079 accipit:
1882 3024 1927 3065 in
1959 3024 2306 3079 supplementum

764 3086 996 3140 exercitus
1028 3085 1158 3127 etiam
1198 3084 1507 3139 capitecensb's
1536 3083 1657 3138 legit.
1727 3082 1816 3125 Sed
1853 3083 2103 3137 priusquam
2134 3083 2179 3124 in
2209 3095 2305 3138 pro-

764 3142 962 3186 'vinciam
993 3144 1134 3196 venit,
1167 3142 1216 3195 Q.
1249 3142 1468 3195 Metellus,
1502 3142 1670 3184 Thalna
1701 3143 1848 3196 capta,
1888 3141 2141 3196 Iugurtham
2171 3154 2306 3197 regno

777 3203 988 3245 excedere
1019 3205 1063 3246 et
1094 3202 1152 3245 ad·
1167 3202 1389 3245 Bocchum
1418 3201 1699 3244 Mauritaniae
1731 3213 1878 3256 regem
1908 3213 1956 3243 se
1986 3201 2179 3256 recipere
2211 3213 2307 3243 coe-

779 3264 914 3317 gerat.
961 3261 1112 3316 Neque
1145 3263 1290 3304 tamen
1321 3274 1409 3304 non
1428 3260 1533 3303 belli
1553 3260 1733 3310 materia
1752 3259 1906 3302 relicta
1927 3261 2032 3311 erat,
2065 3272 2162 3301 cum
2182 3260 2306 3301 novis

779 3321 917 3376 copiis
939 3321 1173 3363 contractis
1196 3321 1280 3363 duo
1301 3333 1428 3376 reges
1452 3319 1719 3362 accederent.
1772 3318 1860 3361 Eos
1883 3331 1972 3360 cos.
1995 3318 2162 3360 duobus
2183 3331 2306 3373 proe-

777 3379 849 3422 liis
881 3380 943 3421 ita
973 3379 1121 3432 vincit,
1153 3382 1202 3422 ut
1231 3379 1432 3423 Bocchus
1463 3392 1616 3435 pacem
1646 3380 1778 3438 petat,
1823 3377 1878 3420 ad
1908 3390 2036 3433 quam
2066 3376 2307 3419 faciendam

777 3438 912 3490 legati
942 3437 1122 3481 Romam
1152 3439 1392 3482 mittuntur.

836 3497 1008 3540 Interea
1038 3497 1146 3540 alter
1178 3509 1267 3541 cos.
1291 3498 1340 3540 L.
1364 3497 1543 3540 Cassius
1566 3510 1592 3539 a
1613 3495 1836 3552 Tigurinis
1862 3493 1999 3537 Gallis
2033 3506 2130 3536 cum
2150 3506 2307 3549 magna

777 3559 900 3611 parte
939 3556 1156 3598 exercitus
1196 3559 1239 3599 et
1268 3556 1317 3598 L.
1349 3557 1509 3599 Pisone
1546 3556 1692 3611 legato
1731 3553 1950 3596 consulari
1987 3552 2200 3604 caeditur,
2240 3565 2305 3595 re-

780 3614 943 3669 liquum
977 3615 1213 3656 exercitum
1246 3618 1496 3656 servaturus
1531 3613 1579 3656 C.
1611 3612 1837 3668 Popillius,
1870 3611 1978 3653 alter
2009 3611 2203 3668 legatus,
2242 3610 2305 3655 in-
