2392 4016
584 240 636 278 ab
669 250 774 278 anno
806 252 843 279 a.
867 239 961 278 Chr.
999 241 1080 279 11⁰
1114 249 1240 289 usqne
1269 241 1323 280 ad
1353 251 1503 279 annum
1530 240 1626 279 102.
1984 239 2067 284 105

145 393 173 416 a.
191 383 276 417 Cbr.
319 393 376 422 ,ω
392 393 423 430 e.

532 429 758 474 honestam
787 442 939 487 pacem
969 430 1086 475 emit.
1135 429 1238 475 ,Sed
1266 429 1306 474 is
1336 429 1518 473 Romam
1550 443 1749 475 reversus
1781 443 1807 473 a
1838 430 1887 475 C.
1914 430 2064 475 Coelio

533 488 647 541 trib„
678 489 753 544 qni
784 501 879 533 eam
901 489 956 533 ob
976 501 1153 534 causam
1173 489 1316 546 legem
1335 488 1604 532 tabellarium
1626 489 1723 542 fert,
1755 490 2063 546 perduellionis

533 559 634 591 reus
665 546 715 591 fit
745 550 789 591 et
819 548 960 592 solum
991 551 1158 593 vertere
1188 548 1373 605 cogitur.

179 605 262 650 106
342 605 428 650 648
489 604 590 651 Cos.
626 606 672 649 C.
694 606 855 651 Atilius
871 607 1092 661 Seu-rmus,
1129 606 1179 657 Q.
1200 606 1405 651 Seruilius
1428 604 1622 662 Caepio.)
1684 606 1795 649 Pace
1826 606 1940 649 facta
1969 620 2067 650 cum

468 673 471 676 ⁴
538 664 712 709 Boccho
743 678 861 724 rege,
891 666 942 710 L.
963 665 1088 711 Sulla
1119 668 1324 723 quaestor
1353 679 1380 708 a
1399 665 1535 709 Mario
1565 664 1620 708 ad
1652 678 1748 708 enm
1782 666 1942 709 missus
1973 666 2067 708 bar—

535 723 641 767 baro
672 724 919 782 persuadet,
951 727 1000 769 nt
1028 725 1297 782 Iugurtham,
1337 724 1384 768 in
1414 724 1673 768 Mauritania
1702 727 1967 776 versantem,
2008 726 2068 767 vi·

535 791 637 827 vum
667 784 713 827 in
742 786 1003 840 potestatem
1032 783 1157 828 Rom.
1187 783 1343 828 tradat.
1405 782 1500 836 Quo
1531 782 1647 827 iacto
1677 795 1776 827 cum
1806 783 2068 827 debellatum

536 844 668 896 esset,
699 842 929 887 Numidiae
959 855 1031 887 res
1061 845 1393 900 componuntur,
1424 855 1692 899 regnumque
1714 844 1827 886 inter
1848 842 2068 886 Bocchum

534 904 821 958 posterosque
851 902 1108 947 Masinissae
1138 901 1358 946 dividitur.

562 986 566 992 -
595 959 646 1013 Q.
678 960 890 1005 Servilius
929 973 1020 1006 cos.
1062 964 1294 1018 postquam
1332 959 1542 1005 suadente
1572 959 1623 1004 L.
1656 958 1816 1004 Crasso
1855 971 1935 1003 sua
1972 959 2069 1015 lege

537 1018 652 1074 (non
682 1019 759 1064 diu
787 1019 1000 1073 valitura)
1039 1019 1202 1064 iudicia
1238 1020 1413 1065 senatui
1448 1018 1639 1063 reddidit
1677 1019 1746 1062 vel
1785 1032 1883 1062 cum
1914 1024 2070 1062 senatu

537 1079 896 1132 communicavit,
937 1080 983 1123 in
1015 1078 1203 1123 Galliam
1238 1078 1460 1136 profectus
1500 1077 1707 1122 Tolosam
1745 1079 1884 1135 capit,
1924 1082 1969 1121 et
2006 1078 2070 1121 in·

536 1140 690 1195 gentes
729 1138 792 1182 ibi
829 1137 1012 1195 praedas
1051 1137 1176 1192 facit,
1214 1138 1448 1195 praecipue
1486 1137 1648 1195 templo
1679 1136 1895 1194 Apollinis
1927 1149 2069 1180 sacra-

538 1197 710 1242 tissimo
740 1197 953 1254 spoliato,
991 1209 1173 1253 quarum
1203 1197 1382 1242 minima
1418 1209 1520 1254 pars
1550 1197 1597 1241 in
1626 1197 1839 1241 aerarium
1871 1195 2068 1249 refertur,

538 1256 676 1299 maior
705 1269 731 1298 a
760 1268 851 1300 cos.
881 1256 1189 1300 intervertitur.

595 1315 660 1357 M.
707 1315 868 1358 stains
901 1314 1040 1359 Cicero
1071 1315 1136 1359 111
1174 1315 1286 1359 Non.
1325 1314 1432 1368 Ian„
1475 1315 1546 1358 Cn.
1578 1314 1794 1370 Pompeius
1831 1313 1941 1371 prid.
1974 1313 2066 1358 Cal.

532 1374 627 1418 Oct.
658 1375 749 1417 nati
776 1383 882 1417 sunt.

176 1432 258 1477 105
338 1432 426 1477 649
487 1432 589 1477 Cos.
621 1432 671 1476 P.
703 1433 890 1476 Rutilius
917 1433 1073 1488 Rufus,
1117 1433 1190 1476 Cn.
1221 1433 1402 1476 Mallius
1432 1432 1645 1475 Maximus
1674 1435 1878 1488 superato
1912 1430 1962 1483 Q.
1987 1431 2070 1475 Ca-

534 1491 625 1534 tulo
654 1490 833 1544 factus.)
878 1491 1052 1548 Ingenti
1082 1491 1206 1536 clade
1236 1504 1307 1535 res
1339 1491 1465 1536 Rom.
1497 1504 1523 1534 a
1546 1490 1732 1535 Cimbris
1764 1489 1964 1543 afficitur,
1996 1492 2071 1547 qui

534 1550 586 1603 Q.
617 1549 883 1607 Caepionem
920 1553 966 1595 et
1004 1550 1084 1594 Cn.
1115 1550 1309 1594 Mallium
1348 1562 1439 1594 cos.
1479 1550 1594 1595 inter
1632 1562 1680 1594 se
1720 1549 1983 1593 dissidentes
2025 1550 2070 1593 in

535 1608 680 1654 Gallia
709 1610 772 1653 ita
802 1609 1053 1663 devincunt,
1085 1612 1135 1653 ut
1165 1622 1220 1653 ex
1241 1609 1411 1653 duobus
1432 1609 1698 1653 exercitibus
1721 1609 1844 1652 Rom.
1866 1610 2070 1665 perpauci

532 1667 638 1724 fuga
675 1668 873 1712 evadant.
944 1668 1109 1726 Captus
1149 1669 1281 1713 etiam
1310 1668 1366 1712 M.
1399 1668 1617 1722 Scaurus,
1655 1681 1746 1712 cos.
1785 1668 1978 1723 legatus,
2019 1682 2070 1711 ac

531 1740 611 1784 per
649 1728 898 1784 superbiam
936 1728 1124 1772 occisus.
1194 1727 1386 1772 Rutilius
1427 1739 1517 1772 cos.
1550 1727 1767 1780 exercitu,
1840 1740 1937 1770 uem
1975 1726 2071 1771 dili-

532 1789 687 1843 genter
725 1790 818 1831 arte
863 1786 1099 1831 dimicandi
1137 1787 1351 1839 instituit,
1392 1786 1563 1831 Italiam
1603 1789 1762 1830 tuetur.
1809 1740 1865 1838 (ὅ.
1909 1785 2071 1843 Caepio

534 1848 691 1902 agente
725 1845 773 1889 C.
795 1845 1000 1890 Norbano
1030 1848 1085 1890 tr.
1106 1845 1166 1902 pl.
1199 1846 1382 1902 imperio
1413 1846 1622 1903 abrogato
1652 1846 1699 1888 iu
1730 1858 1948 1888 carcerem
1969 1858 2070 1889 con·

534 1905 691 1957 iectus,
723 1917 780 1948 ex
809 1917 895 1961 quo
927 1918 953 1948 a
982 1904 1032 1948 L.
1062 1904 1254 1949 Antistio
1284 1904 1454 1961 Regino
1486 1907 1539 1948 tr.
1571 1904 1630 1961 pl.
1662 1904 1870 1948 liberatus
1902 1904 2072 1960 aufugit

537 1963 835 2019 Smyrnaeque
865 1963 967 2007 exul
997 1963 1118 2007 vivit.
1181 1962 1331 2015 (Trib.
1362 1963 1421 2020 pl.
1452 1962 1502 2008 L.
1525 1962 1669 2016 Cotta,
1701 1963 1752 2006 Τ.
1787 1963 1981 2014 Didius.)

174 2022 255 2065 104
338 2022 426 2067 650
485 2021 588 2066 Cos.
625 2022 670 2066 G.
701 2022 869 2065 Marias
897 2023 961 2076 H,
1016 2023 1060 2066 C.
1091 2023 1267 2066 Flavius
1296 2023 1496 2076 Hei-bria,
1534 2022 1662 2066 homo
1694 2034 1832 2065 novus
1863 2023 1967 2066 item
2000 2036 2070 2066 su·

535 2083 684 2138 persto
716 2080 767 2134 Q.
800 2081 956 2125 Catulo
986 2080 1161 2134 factus.)
1229 2081 1382 2139 Itaque
1413 2081 1463 2125 C.
1493 2081 1656 2126 Marius
1696 2081 1868 2136 legibus
1900 2083 2069 2125 solutus

535 2140 694 2184 absens
725 2152 816 2184 cos.
850 2142 1042 2194 creatur,
1083 2141 1159 2197 qni
1199 2141 1215 2183 i
1245 2141 1309 2185 sis
1342 2139 1434 2184 Cal.
1467 2140 1558 2184 Ian.
1598 2140 1652 2183 de
1684 2140 1892 2196 Iugurtha
1922 2142 2070 2185 trium·

535 2198 640 2255 phat
670 2201 715 2242 et
743 2200 1045 2256 magistratum
1076 2200 1172 2243 init.
1242 2199 1326 2243 nde
1348 2199 1445 2243 adv.
1468 2198 1667 2243 Cimbros
1690 2199 1910 2256 profectus
1931 2204 2069 2244 totum

532 2270 694 2301 annum
722 2258 769 2301 in
800 2258 915 2302 bello
947 2258 1195 2316 apparando
1228 2258 1525 2315 militibusque
1553 2258 1810 2302 exercendis
1839 2260 2069 2312 consumit,

531 2316 634 2360 dum
665 2316 815 2361 hostes
845 2318 930 2361 iter
960 2317 1015 2361 ad
1047 2316 1198 2362 Gallos
1230 2320 1276 2361 et
1303 2317 1526 2374 Hispanos
1558 2321 1771 2361 avertunt.

592 2375 756 2419 Romae
787 2376 952 2421 tribuni
980 2376 1123 2433 plebis
1156 2375 1235 2420 Cn.
1268 2377 1485 2421 Domitius
1515 2376 1789 2420 Ahenobarb.
1822 2378 1948 2433 leyen·
1978 2379 2067 2420 Do·

525 2435 682 2478 misiam
714 2436 764 2478 de
792 2437 1032 2479 sacerdotiis
1062 2435 1168 2487 fert,
1209 2447 1296 2492 qna
1324 2438 1519 2492 potestas
1559 2435 1835 2480 sacerdotum
1866 2441 2070 2493 cooptan-

532 2492 685 2537 dorum
717 2493 772 2537 ad
801 2494 1010 2551 populum
1041 2493 1301 2538 transfertur
1340 2493 1459 2547 (Cic.
1491 2494 1536 2538 in
1567 2494 1682 2537 Rull.
1717 2494 1773 2546 11,
1807 2494 1876 2547 7),
1915 2494 1971 2538 M.
2000 2496 2068 2539 Si-

533 2551 770 2604 lano,*cos.
792 2565 831 2596 a.
858 2553 956 2606 109,
987 2553 1043 2596 ob
1075 2552 1243 2596 cladem
1265 2551 1542 2605 Cimbricam,
1574 2551 1688 2596 diem
1721 2552 1776 2596 ad
1837 2565 1906 2610 op.
1939 2554 2067 2598 dicit:

534 2609 583 2654 C.
606 2610 820 2655 Servilius
843 2610 1026 2656 Glaucia
1057 2611 1155 2668 lege
1186 2623 1266 2655 sua
1295 2611 1458 2655 iudicia
1486 2611 1641 2655 iterum
1673 2611 1728 2654 ad
1760 2623 1809 2655 so
1828 2624 1878 2655 os
1900 2613 2069 2669 equites

531 2669 750 2722 transfert,
781 2673 826 2713 et
855 2671 906 2713 de
933 2671 1166 2726 repetundis
1195 2670 1340 2714 acrius
1370 2670 1534 2715 sancita
1567 2669 1615 2715 1..
1639 2668 1820 2714 Cassius
1844 2671 2068 2727 Longinus

531 2728 672 2785 legem
703 2728 798 2781 fert,
830 2741 917 2785 qua
944 2733 1098 2773 senatu
1130 2728 1389 2782 excluditur,
1419 2742 1548 2787 quem
1579 2741 1679 2787 pop.
1711 2729 1975 2774 damnasset.

173 2784 258 2830 103
339 2786 422 2831 651
489 2786 590 2831 Cos.
635 2787 680 2830 0.
711 2787 879 2831 Marius
907 2788 1005 2841 111,
1051 2788 1209 2833 absens
1247 2791 1441 2842 creatus,
1488 2788 1542 2832 L.
1573 2789 1767 2831 Aurelius
1811 2790 1972 2832 Orestes
1991 2790 2064 2843 †.)

534 2844 583 2888 C.
614 2845 773 2890 Marius
804 2846 935 2891 etiam
973 2846 1014 2891 h.
1047 2860 1088 2891 a.
1126 2846 1229 2891 dum
1261 2846 1426 2892 Cimbri
1463 2860 1491 2891 a
1521 2846 1753 2892 Celtiberis
1784 2850 2063 2905 repelluntur,

533 2902 684 2947 Italiae
715 2905 947 2960 praesidet.
978 2905 1097 2950 nullo
1129 2906 1216 2950 nisi
1245 2905 1331 2950 levi
1360 2906 1475 2951 bello
1507 2909 1647 2963 gesto.

591 2961 643 3006 In
662 2962 817 3007 Sicilia
837 2964 937 3008 novi
959 2976 1181 3009 servorum
1202 2964 1480 3021 fugitivorum
1502 2969 1645 3010 motus
1665 2978 1785 3008 erum
1819 2971 1909 3018 unt,
1934 2968 2061 3011 Athe·

534 3020 662 3066 nione
699 3021 810 3066 duce
841 3021 890 3067 C.
923 3022 1077 3067 Servil.
1111 3023 1293 3068 Cascam
1332 3037 1397 3082 pr.
1436 3024 1716 3068 vincentium.
1805 3026 1957 3070 ’iratae
1990 3027 2060 3070 Ci-

533 3078 640 3125 lices
670 3081 807 3125 maria
834 3081 1066 3136 infestant,
1103 3085 1256 3127 contra
1315 3095 1395 3127 uos
1427 3083 1482 3126 Μ.
1514 3082 1730 3127 Antonius
1761 3096 1823 3140 pr.
1855 3097 1954 3128 cum
1985 3086 2060 3129 im-

536 3138 658 3194 perio
688 3151 890 3196 procons.
920 3144 1152 3198 quaestore
1184 3141 1233 3186 C.
1306 3142 1469 3187 orbano
1499 3141 1695 3185 mittitun

592 3196 757 3242 Romae
787 3198 839 3243 Τ.
872 3199 1083 3244 Albucius
1112 3201 1356 3257 praetorius
1386 3199 1720 3257 repetundarum
1752 3215 1777 3243 a
1808 3202 1959 3246 Sanlis
1990 3215 2064 3260 po·

534 3254 720 3300 stulatur
756 3261 801 3300 et
839 3256 887 3302 C.
921 3257 1030 3303 lulio
1062 3258 1249 3303 Caesare
1286 3258 1502 3304 Strabone
1541 3264 1794 3304 accusatore
1833 3259 2061 3305 damnatus

532 3314 577 3358 in
608 3313 788 3359 exilium
819 3315 1011 3362 Athenas
1042 3317 1144 3361 abit.

591 3372 868 3419 Aedilltatem
915 3375 1107 3420 curulem
1156 3380 1312 3432 gerunt
1348 3374 1399 3421 1..
1438 3376 1625 3422 Crassus
1664 3380 1709 3421 et
1747 3377 1796 3430 Q.
1835 3377 2061 3434 Scaevola,

173 3487 255 3534 ιω
337 3488 424 3535 652
486 3433 1581 3546 „822223⁰1¹2{⁸3⁶'1,²⁸...¹⁰22‘·3.2·21.23⁸
1611 3441 1809 3548 ‘maa
1853 3496 2062 3541 ...ms

535 3548 584 3593 L.
625 3550 838 3607 Appuleio
877 3551 1112 3597 Saturnino
1151 3556 1203 3597 tr.
1242 3553 1300 3610 pl.
1342 3565 1432 3598 eos.
1481 3554 1669 3597 refectus
1711 3555 1972 3599 Ambronum
2011 3570 2061 3599 ac

536 3607 831 3655 Teutonorum
868 3611 1018 3668 copias
1056 3613 1116 3655 ad
1142 3613 1288 3668 Aquas
1317 3614 1487 3657 Sextiae
1523 3613 1689 3670 ingenti
1729 3613 1892 3670 proelio
1931 3615 2061 3668 delet,
