2392 4016
360 211 445 257 138

659 467 709 502 tr.

637 527 722 572 pot.

654 581 708 620 28

414 874 439 916 G
502 874 588 918 759
650 875 706 919 36

652 997 708 1032 tr.

637 1056 723 1100 pot.

657 1112 710 1150 29

1131 211 1310 252 Annales
1341 213 1512 252 Romani

813 402 896 455 nis,
926 404 975 446 ut
1003 403 1183 446 hiberna
1212 402 1433 458 legionum
1452 401 1598 455 ferret,
1630 403 1846 456 Tiberius,
1880 403 2067 447 Cauchis
2099 405 2287 460 receptis

818 461 1054 517 fractisque
1076 461 1391 516 Langobardis‚
1423 462 1634 505 vastando
1665 475 1803 519 usque
1835 462 1888 505 ad
1909 462 2054 505 Albim
2075 466 2287 518 penetrat,

815 521 1052 577 eodemque
1083 520 1259 563 flumine
1292 521 1545 564 subvectam
1574 521 1759 565 classem
1791 522 1987 565 exercitu
2008 522 2161 578 iungit.
2215 522 2287 564 Ti-

808 581 955 624 berius
986 581 1175 632 tertium,
1206 579 1433 635 Augustus
1457 580 1870 635 quintumdecimum
1901 581 2182 636 imperatores
2215 594 2286 636 ap-

809 640 1039 696 pellantur,
1073 638 1120 682 G.
1155 638 1333 682 Sentius
1365 639 1699 695 triumphalibus
1733 641 1997 683 ornamentis
2030 639 2227 682 donatur.

871 699 975 741 Dira
1004 698 1167 741 Romae
1208 701 1252 741 et
1289 699 1335 741 in
1366 698 1493 741 Italia
1533 697 1670 741 fames
1702 702 1782 742 est.
1842 699 2022 742 Asinius
2055 698 2194 741 Pollio
2243 699 2288 741 in

809 757 913 800 villa
945 757 1123 800 Tuscul.
1167 757 1281 809 obit,
1322 756 1392 800 80.
1425 758 1581 800 aetatis
1613 770 1746 810 anno,
1786 761 1931 801 orator
1969 761 2013 801 et
2051 758 2286 800 historicus
2347 765 2355 771 ⁸

809 816 913 860 belli
944 815 1101 869 civilis,
1133 816 1238 859 item
1270 817 1401 872 poeta
1431 817 1639 871 tragicus.

771 875 871 918 Cos.
904 875 967 917 M
998 876 1200 917 Aemilius
1232 875 1282 918 L.
1313 875 1343 918 f.
1375 876 1573 930 Lepidus,
1603 876 1659 919 L.
1689 876 1912 918 Arruntius
1942 873 2154 931 (scriptor
2185 875 2290 918 belli

809 934 966 977 Punici
997 934 1128 986 sec.)‚
1162 935 1232 977 cui
1265 934 1361 977 suff.
1393 935 1448 977 L.
1478 934 1641 978 Nonius
1670 934 1931 1003 Asprenas.)
1967 935 2130 978 Romae
2171 950 2289 976 aera-
2337 935 2343 940 '

809 995 912 1035 rium
942 994 1120 1035 militare
1149 993 1417 1046 instituitur,
1457 1007 1513 1036 ex
1545 1007 1629 1049 quo
1661 992 1781 1037 certa
1810 994 2067 1036 missionum
2097 994 2290 1049 praemia

813 1052 1045 1094 veteranis
1064 1051 1306 1094 solvantur:
1341 1052 1394 1094 ad
1427 1064 1524 1094 eum
1555 1065 1696 1105 usum,
1726 1056 1898 1108 praeter
1920 1054 2203 1095 centesimam
2222 1065 2288 1095 re·

811 1122 908 1152 rum
929 1109 1160 1162 venalium,
1192 1110 1324 1152 etiam
1346 1120 1506 1153 novum
1526 1111 1728 1166 vectigal,
1750 1112 1964 1180 vigesima
1984 1112 2286 1164 hereditatum,

778 1167 1041 1217 liuven‘itur.
1109 1168 1246 1211 Erant
1286 1169 1401 1211 enim
1432 1171 1523 1212 tum
1563 1169 1619 1213 25
1651 1170 1848 1224 legiones
1881 1170 2041 1213 civium
2072 1171 2288 1214 Romano-

784 1241 916 1280 rum
949 1228 975 1271 9
999 1227 1199 1270 cohortes
1230 1228 1529 1283 praetorianae
1553 1227 1683 1281 (circ.
1709 1228 1861 1272 10000
1882 1229 2004 1280 mil.‚)
2036 1229 2063 1272 3
2085 1230 2286 1273 urbanae.

865 1288 1064 1331 Iudaeam
1096 1289 1140 1332 et
1168 1288 1406 1330 Samariam
1435 1287 1637 1357 relegato
1660 1291 1837 1357 propter
1868 1287 2166 1331 crudelitatem
2200 1290 2289 1332 eth-

709 1352 711 1355 ’
752 1373 759 1404 l.
808 1346 971 1389 narcha
1006 1346 1243 1398 Archelao,
1296 1347 1447 1401 Syriae
1490 1348 1728 1405 provinciae
1780 1348 1928 1395 adiicit
1977 1347 2024 1389 P.
2067 1347 2288 1403 Sulpicius

413 1878 439 1921 7
502 1878 590 1923 760
649 1878 705 1922 37

655 2002 706 2036 tr.

635 2062 722 2108 pot.

653 2118 706 2155 30

412 2232 704 2332 8761-{18

637 2358 722 2402 pot.

652 2413 705 2451 31

413 2469 440 2513 9
501 2469 586 2513 762
649 2470 705 2514 39

518 2679 569 2716 71
591 2647 719 2697 pot.

432 2750 519 2768 ἐν
651 2710 705 2746 32

457 2771 486 2798 s'
519 2783 542 2805 7
564 2770 631 2796 tw,
670 2768 701 2793 ἶ(

758 1405 762 1437 ³
810 1405 1057 1458 Quirinius,
1097 1406 1260 1448 iterum
1300 1405 1453 1461 Syriae
1501 1401 1686 1462 legatus.

1763 1406 1816 1451 In
1855 1405 2090 1449 Germania
2128 1407 2289 1450 bellum

813 1465 1021 1508 adversus
1043 1438 1368 1517 Maroboduum,
1388 1478 1538 1521 regem
1557 1465 1973 1518 Marcomannorum,
1997 1465 2097 1508 dum
2120 1465 2289 1510 C.Sen-

808 1525 897 1567 tius
928 1537 1006 1579 per
1039 1524 1192 1566 silvam
1222 1498 1487 1580 Hercyniam
1517 1526 1731 1580 penetrat,
1763 1538 1789 1567 a
1819 1524 2018 1567 Danubio
2049 1528 2195 1568 movet
2217 1525 2289 1568 Ti-

807 1584 968 1635 berius,
1003 1582 1081 1626 sed
1111 1596 1166 1625 ex
1197 1595 1328 1626 cursu
1359 1584 1638 1627 victoriarum
1668 1586 1820 1628 contra
1852 1584 2084 1627 Pannonios
2115 1587 2159 1627 et
2179 1585 2288 1627 Dal-

807 1652 940 1685 matas
972 1641 1190 1697 (praeerat
1218 1643 1273 1685 iis
1297 1642 1497 1686 Valerius
1527 1641 1818 1695 Messalinus)
1849 1644 2018 1685 rebelles
2046 1646 2288 1696 revocatur,

772 1754 777 1771 ἰ
808 1702 884 1757 qui
915 1701 1025 1744 duce
1046 1701 1212 1744 Batone
1244 1714 1364 1744 oram
1393 1703 1652 1745 maritimam
1682 1712 1821 1757 usque
1843 1702 1898 1744 ad
1917 1700 2193 1757 Apolloniam
2217 1703 2288 1746 de-

767 1760 1141 1818 §.populabantur
1201 1760 1254 1802 In
1283 1760 1508 1816 Belgicam
1540 1760 1727 1805 Galliam
1756 1761 1951 1817 legatusa
1960 1762 2072 1817 Aug.
2105 1762 2289 1805 mittitur

766 1822 774 1869 ι
807 1819 856 1862 P.
891 1818 1152 1871 Quinctilius
1173 1819 1330 1863 Varus.

769 1877 869 1922 Cos.
899 1878 955 1920 A.
986 1879 1177 1921 Licinius
1203 1877 1348 1922 Nerva
1377 1878 1586 1931 Silianas,
1626 1877 1723 1922 suff.
1762 1855 1953 1921 Lucilius
1989 1879 2184 1934 Lonyus,
2237 1880 2286 1929 Q.
2357 1881 2362 1886 ’

814 1937 965 1980 Caecil.
998 1937 1159 1981 Metell.
1187 1937 1371 1981 Creticus
1401 1936 1615 1988 Silanus.)
1678 1937 1880 1981 Tiberius
1914 1937 2076 1981 Caesar
2106 1943 2150 1981 et
2183 1938 2287 1981 Ger-

811 1997 1008 2040 manicus
1039 1995 1096 2049 (h.
1131 2011 1169 2040 a.
1201 1996 1425 2053 quaestor)
1459 1995 1514 2040 15
1534 1997 1780 2053 legionibus
1803 1997 1964 2040 bellum
1987 1997 2287 2040 difficillimum

813 2056 909 2099 adv.
939 2057 1166 2099 Dalmatas
1197 2068 1432 2112 eorumque.
1463 2057 1609 2100 socios
1641 2056 1875 2099 Pannonios
1906 2060 2076 2112 gerunt,
2119 2057 2288 2101 Sisciae

807 2116 1051 2159 hibernant.
1113 2114 1258 2158 Roma
1281 2110 1479 2172 Agrippa
1506 2116 1756 2169 Postumus,
1785 2116 1976 2172 Augusti
2006 2129 2157 2172 nepos,
2201 2120 2287 2160 sto-

807 2174 894 2218 lide
925 2174 1074 2227 ferox,
1094 2175 1140 2218 in
1171 2175 1419 2218 Planasiam
1449 2175 1638 2217 insulam
1668 2175 1900 2231 relegatur.

767 2233 866 2276 Cos.
899 2233 963 2276 M
995 2235 1149 2276 Furius
1184 2234 1392 2286 Camillus,
1426 2233 1526 2275 Sex.
1558 2233 1721 2276 Nonius
1756 2234 2057 2283 Quinctilianus
2089 2234 2202 2285 (suff.
2238 2234 2286 2278 C.

805 2292 885 2335 Iul.
916 2293 969 2334 L.
1002 2294 1233 2347 Apronius,
1271 2293 1325 2335 A.
1352 2293 1499 2334 Vibius
1526 2291 1715 2343 Avitus.)
1782 2293 1852 2336 Ab
1883 2292 2049 2335 eisdem
2079 2293 2286 2337 Romanis

817 2351 1000 2395 ducibus
1032 2352 1255 2403 (Tiberius
1286 2353 1388 2407 imp.
1423 2350 1490 2404 lv)
1522 2354 1566 2395 et
1595 2352 1651 2394 M.
1681 2351 1846 2407 Lepido
1880 2352 2093 2423 Pannonii
2130 2352 2183 2395 ad
2213 2367 2288 2408 pa

811 2423 906 2453 cem
935 2411 1167 2467 petendam
1199 2411 1445 2467 adiguntur.
1493 2439 1497 2441 Α

770 2469 870 2513 Cos.
909 2470 952 2512 C.
984 2471 1204 2525 Poppaeus
1233 2470 1430 2522 Sabinus,
1467 2469 1515 2518 Q.
1537 2470 1751 2524 Sulpicius
1786 2469 2060 2520 Camerinus.)
2124 2471 2287 2514 Romae

805 2529 918 2572 inter
947 2529 1076 2572 huius
1109 2529 1213 2572 belli
1243 2542 1384 2582 curas,
1416 2530 1540 2572 iussu
1569 2529 1783 2584 Augusti,
1824 2529 1888 2570 lex
1919 2529 2058 2583 Papia
2089 2530 2289 2584 Poppaea

807 2587 944 2631 fertur
974 2586 1057 2641 (ita
1077 2588 1292 2644 appellata
1313 2602 1369 2631 ex
1388 2588 1636 2632 nominibus
1658 2599 1748 2631 cos.
1771 2586 2052 2631 suffectorum
2074 2589 2137 2631 M.
2159 2590 2288 2644 Papii

810 2648 970 2701 Mutili,
1009 2647 1057 2696 Q
1115 2650 1263 2703 oppaei
1282 2648 1475 2700 Secundi,
1507 2648 1582 2702 qui
1602 2646 1735 2689 frater
1756 2647 1949 2693 consulis
1971 2647 2179 2691 ordinarii
2201 2649 2286 2699 est)

810 2701 863 2753 de
894 2702 1080 2750 maritan
1110 2707 1150 2751 is
1182 2707 1431 2759 ordinibus,
1470 2706 1610 2762 deque
1641 2706 1793 2762 poenis
1825 2706 2065 2749 coelibatus
2099 2710 2142 2749 et
2174 2708 2285 2751 orbi-

751 2778 792 2810 ‘31
807 2761 925 2818 tatis
958 2770 1044 2821 qua
1063 2767 1296 2819 Iulioelex‚
1330 2766 1505 2822 saepius
1539 2768 1668 2808 antea
1698 2765 1897 2828 repetita,
1931 2766 2126 2808 severius
2151 2781 2200 2810 ac
2224 2767 2285 2810 di—

805 2823 1013 2879 ligentius
1054 2825 1260 2868 sancitur.
1333 2825 1463 2878 Iulia,
1501 2823 1693 2880 Augusti
1733 2819 1901 2880 neptis,
1939 2823 2116 2868 Aemilii
2145 2826 2285 2869 Paulli

805 2895 938 2934 uxor,
992 2883 1194 2927 adulterii
1232 2885 1455 2938 convicta,
1503 2884 1550 2926 in
1586 2883 1775 2927 insulam
1807 2883 2047 2927 Trimerum
2088 2884 2143 2927 ad
2181 2884 2284 2928 litus

775 2941 988 2997 -Apuliae
1027 2943 1211 2986 eiicitur.
1279 2944 1331 2986 P.
1367 2917 1538 2986 Ovidius
1567 2942 1686 2986 Naso
1724 2943 1856 2998 poeta
1894 2942 2056 2986 Tomos
2097 2944 2142 2986 in
2172 2944 2285 2987 Pon-

804 3003 897 3043 tum
926 3001 1158 3057 relegatur.

865 3073 903 3102 a.
936 3059 976 3102 d.
1019 3069 1088 3102 xv
1121 3059 1212 3104 Cal.
1244 3060 1349 3103 Dec.
1381 3060 1576 3103 nascitur
1615 3059 1666 3102 T.
1697 3059 1875 3103 Flavius
1902 3059 2200 3116 Vespasianus
2238 3062 2284 3104 ιιι

806 3118 997 3162 Sabinis.

868 3178 1070 3221 Tiberius
1092 3191 1192 3222 cum
1213 3177 1488 3230 Germanico,
1510 3176 1707 3221 confecto
1730 3177 1845 3220 bello
1867 3177 2132 3231 Pannonico,
2154 3179 2284 3222 etiam

806 3237 1029 3280 Dalmatas
1072 3237 1295 3288 (Pirustas
1337 3239 1382 3280 et
1419 3236 1692 3287 Desidiatas)
1731 3248 1809 3292 per
1847 3237 2059 3286 montium
2096 3238 2283 3281 latebras
2351 3290 2360 3295 ἢ

809 3298 1107 3349 consectatur,
1148 3299 1192 3339 et
1221 3309 1378 3366 magno
1415 3296 1592 3339 tandem
1630 3296 1778 3339 labore
1808 3295 2020 3338 Batonem
2049 3309 2197 3352 regem
2229 3297 2284 3339 ad

777 3354 1071 3408 {deditionem
1102 3356 1261 3412 adigit,
1299 3356 1403 3415 imp.
1438 3365 1465 3397 v
1499 3355 1770 3411 appellatur.
1808 3354 2101 3398 Veruntamen
2132 3355 2283 3398 eodem

786 3413 940 3462 ¹ferme
970 3417 1164 3470 tempore
1195 3416 1240 3458 in
1263 3411 1496 3459 Germania
1515 3415 1566 3457 P
1588 3414 1834 3463 Quinctilius
1852 3414 1987 3456 Varus
2016 3427 2115 3458 cum
2142 3415 2281 3457 tribus

725 3496 729 3502 ·
805 3473 988 3527 integris
1028 3473 1276 3529 legionibus
1316 3475 1370 3517 ab
1401 3474 1609 3526 Arminio,
1652 3472 1968 3516 Cheruscorum
1999 3473 2130 3526 duce,
2168 3474 2282 3516 inter

805 3531 1016 3575 Amisiam
1048 3535 1091 3574 et
1111 3532 1326 3589 Luppiam
1356 3545 1505 3576 amnes
1537 3532 1804 3576 conciditur.
1844 3531 1962 3584 Quae
1995 3532 2140 3575 clades
2160 3534 2282 3575 tanta

807 3589 992 3649 videtur,
1023 3592 1072 3641 ut
1101 3590 1236 3634 dilato
1266 3591 1484 3651 triumpho
1516 3591 1772 3648 delectuque
1803 3603 1952 3634 severe
1984 3593 2096 3643 acto,
2135 3642 2139 3645 ,
