2392 4016
298 208 356 253 44
1006 208 1224 259 Imperium
1256 206 1510 250 Graecorum.

298 400 403 444 Eius
436 400 550 444 filius
572 401 1111 457 AntiochusV(Eupator)
1144 403 1170 446 9
1203 415 1410 446 annorum
1440 405 1583 446 tutore
1603 403 1738 459 Lysia
1768 404 1886 446 bien-

359 460 480 502 nium
512 463 678 516 regnat,
711 459 788 503 sed
820 474 845 503 a
864 461 1071 504 Demetrio
1093 463 1124 503 Ι
1139 462 1295 514 Sotere,
1329 461 1502 506 Seleuci
1523 462 1583 506 IV
1613 462 1718 516 filio,
1751 462 1888 505 Roma

358 518 558 574 profugo,
589 530 725 576 regno
753 522 801 563 ’61
830 521 920 563 vita
949 521 1143 576 privatur

300 577 412 633 Regi
453 578 674 622 vinolento
713 578 766 621 ab
805 578 1032 622 Heraclide
1072 580 1333 636 regibusque
1375 578 1566 636 Aegypti
1607 583 1650 623 et
1688 580 1888 635 Pergami

364 637 595 691 opponitur
615 637 859 680 Alexander
888 638 1008 681 Bata
1041 638 1318 695 (Theopator,
1355 638 1628 695 Euergetes),
1660 639 1887 682 simulatus

362 694 567 739 Antiochi
598 695 659 739 IV
689 695 818 739 filius.

300 753 345 797 Is
377 753 492 797 victo
525 757 568 797 et
598 755 745 799 occiso
776 755 996 798 Demetrio
1027 768 1106 798 rex
1136 755 1277 799 factus
1310 756 1542 799 crudeliter
1572 761 1725 813 regnat

300 811 484 855 Eiicitur
505 816 550 856 et
571 813 782 857 occiditur
802 814 1039 857 Ptolemaei
1060 814 1363 858 Philometoris
1387 815 1548 858 auxilio
1571 829 1595 857 a
1615 817 1823 858 Demetrio
1839 816 1895 857 II

359 870 572 924 Nicatore,
605 872 814 915 Demetrii
838 873 859 915 I
889 871 979 915 fflio

303 928 391 972 Sed
421 928 551 1030 etilam
580 931 651 974 hic
682 932 856 975 biennio
886 934 988 987 post
1020 945 1045 973 a
1075 931 1262 974 Diodoto
1294 930 1565 988 (Tryphone)
1595 933 1738 976 victus
1762 932 1891 989 Syria

361 1001 471 1043 expe
506 989 605 1031 itur.

305 1046 512 1102 Tryphon
531 1047 656 1090 initio
677 1047 917 1089 Antiochum
929 1048 996 1090 VI
1011 1047 1313 1105 (Epiphanem)
1330 1047 1567 1092 Alexandri
1586 1048 1722 1092 filium
1743 1061 1890 1106 regem

362 1106 553 1147 instituit

360 1176 462 1205 mox
493 1163 675 1207 eundem
706 1164 835 1216 tollit,
868 1166 912 1206 et
942 1164 1036 1220 ipse
1068 1165 1190 1220 regia
1221 1164 1434 1221 dignitate
1460 1164 1625 1220 potitur

302 1222 548 1266 Demetrius
580 1222 623 1265 II
653 1224 820 1265 interea
849 1222 1091 1266 Laodiceae
1122 1227 1296 1281 regnat3
1337 1224 1384 1266 in
1415 1224 1636 1279 superiore
1667 1222 1775 1267 Asia
1803 1223 1893 1267 bel-

359 1281 448 1324 lum
481 1294 578 1325 cum
610 1282 781 1325 Parthis
813 1282 924 1325 male
956 1295 1112 1339 gerens
1145 1284 1314 1340 capitur
1353 1284 1359 1290 ’

301 1340 526 1383 Antiochus
544 1341 638 1382 VII
654 1341 841 1394 Sidetes,
871 1341 1082 1385 Demetrii
1112 1343 1274 1400 captivi
1301 1341 1446 1395 frater,
1480 1341 1759 1400 Tryphonem
1778 1342 1893 1400 Apa-

361 1412 482 1442 meae
524 1400 684 1444 occidit
721 1403 765 1443 et
805 1402 898 1442 tota
929 1400 1057 1456 Syria
1091 1403 1274 1458 potitur,
1314 1415 1394 1445 nec
1436 1402 1530 1444 sine
1567 1403 1694 1447 laude
1725 1405 1892 1459 regnat,

360 1459 447 1501 nisi
478 1458 594 1514 quod
623 1460 724 1502 vino
756 1460 886 1501 nimis
919 1463 987 1502 est
1018 1460 1202 1503 deditus

302 1517 607 1573 Hierosolyma
639 1518 755 1574 capit
784 1530 1021 1574 pacemque
1052 1519 1225 1563 Iudaeis
1258 1518 1458 1563 concedit

302 1576 486 1619 Parthos
518 1577 781 1632 aggreditur,
812 1577 938 1620 initio
969 1577 1088 1631 felix,
1119 1581 1220 1634 post
1249 1579 1436 1621 vincitur
1467 1581 1512 1621 et
1542 1577 1755 1621 occiditur

304 1635 415 1677 Tum
436 1636 669 1678 Demetrius
688 1636 745 1677 II
771 1649 795 1678 a
814 1636 986 1679 Parthis
1016 1640 1118 1694 post
1147 1638 1299 1681 decem
1328 1650 1464 1680 annos
1486 1637 1691 1680 dimissus
1710 1636 1894 1692 regnum

358 1707 462 1736 recu
495 1698 585 1736 erat

303 1708 491 1795 Bellump
503 1752 744 1808 ingreditur
777 1766 874 1795 011111
906 1753 1017 1796 Ρ101.
1050 1754 1280 1809 Physcone
1317 1752 1414 1809 (qui
1443 1753 1737 1796 Alexandrum
1767 1754 1892 1797 Zebi-

361 1824 461 1853 nam
498 1811 563 1853 illi
594 1810 811 1867 opponit),
850 1812 1015 1866 proelio
1046 1813 1210 1866 victus,
1234 1826 1352 1856 -cum
1384 1813 1550 1868 Tyrum
1587 1812 1774 1868 fugisset
1810 1826 1892 1856 nec

362 1873 564 1925 receptus
597 1872 734 1922 esset,
767 1870 979 1913 occiditur

302 1929 511 1971 Demetrii
531 1929 574 1972 II
603 1928 719 1971 filius
751 1929 947 1972 Seleucus
966 1930 1004 1971 V
1031 1930 1179 1972 statim
1219 1930 1272 1973 ab
1311 1942 1392 1973 sua
1428 1930 1567 1986 ipsius
1598 1931 1734 1974 matre
1767 1929 1892 1981 Cleo,-

360 1990 484 2042 patra
513 1989 774 2031 interimitur

308 2047 434 2088 Bella
473 2062 597 2101 usque
635 2049 692 2089 ad
728 2048 942 2089 extinctam
973 2047 1278 2089 Seleucidarum
1306 2048 1518 2102 familiam
1558 2057 1754 2103 qertmtur
1791 2050 1896 2090 inter

357 2114 542 2159 posteros
571 2107 772 2148 Demetrii
790 2106 848 2147 II
872 2115 911 2148 et
939 2106 1134 2149 Antiochi
1150 2107 1249 2158 VII,
1270 2108 1470 2161 fratrum.

306 2163 532 2206 Antiochus
551 2166 669 2207 VIII
698 2164 862 2220 Grypus
893 2165 1105 2216 (Demetr.
1136 2165 1221 2216 fil.)
1252 2166 1439 2221 primum
1471 2178 1570 2208 cum
1600 2168 1736 2222 matre
1770 2165 1894 2210 Cleo-

363 2226 500 2279 patra,
533 2223 634 2266 dein
664 2224 784 2267 solus
814 2226 979 2279 regnat.

306 2281 459 2337 Regno
491 2282 692 2326 deiicitur
722 2283 774 2325 ab
797 2282 997 2324 Antiocho
1018 2282 1098 2324 IX
1123 2282 1198 2336 (1111
1229 2281 1344 2336 quod
1366 2281 1517 2337 Cyzici
1548 2281 1757 2324 educatus
1787 2285 1892 2334 erat,

367 2340 610 2396 Cyzicenus
643 2341 952 2397 appellabatur,
986 2341 1160 2384 Sidetae
1190 2340 1295 2393 filio,
1335 2341 1409 2395 qui
1438 2342 1633 2383 materno
1664 2353 1823 2395 genere
1854 2341 1896 2384 ei

364 2399 497 2442 frater
526 2399 622 2452 fuit,
651 2402 832 2456 paterno
864 2402 1007 2443 autem
1037 2399 1246 2456 patruelis

311 2458 475 2514 Grypus
504 2458 730 2514 Aspendo,
771 2471 855 2514 quo
886 2459 1077 2515 fugerat,
1115 2470 1315 2500 reversus
1348 2454 1412 2509 (a.
1439 2454 1548 2509 111)
1576 2457 1701 2512 regni
1731 2459 1897 2512 partem

364 2519 570 2560 maiorem
615 2520 863 2573 recuperat,
909 2530 990 2561 nec
1035 2520 1182 2560 tamen
1228 2516 1404 2559 fratrem
1450 2528 1628 2572 prorsus
1677 2516 1892 2571 depellere

364 2579 529 2631 potest.
562 2576 734 2619 insidiis
766 2579 946 2619 necatur

308 2634 447 2691 Grypi
475 2635 534 2678 fil.
567 2636 764 2677 Seleucus
782 2636 850 2677 VI
874 2634 1165 2702 (Epiphanes,
1196 2632 1399 2684 Nicator)
1431 2631 1694 2675 Antiochum
1716 2633 1893 2689 Cyzice-

365 2707 482 2747 num,
513 2697 729 2750 patruum,
759 2694 924 2750 proelio
954 2694 1104 2746 vincit,
1135 2693 1259 2748 isque
1289 2705 1463 2734 manum
1494 2692 1580 2734 sibi
1610 2692 1734 2734 affert

305 2752 383 2795 Ille
415 2766 501 2795 non
531 2753 666 2795 multo
697 2755 798 2808 post
827 2754 880 2795 ab
902 2753 1172 2795 AntiochoX
1186 2753 1360 2804 Eusebe,
1394 2749 1602 2805 Cyziceni
1628 2750 1733 2803 filio,
1766 2750 1895 2806 Syria

367 2812 611 2867 6111161111111,
643 2814 686 2854 61
716 2812 1007 2867 Mopsuestiae
1038 2812 1083 2854 in
1107 2810 1261 2854 Cilicia
1290 2809 1490 2852 incendio
1523 2823 1548 2851 a
1579 2810 1746 2852 civibus
1778 2809 1893 2853 facto

365 2871 479 2925 perit

308 2928 482 2972 Seleuci
512 2928 665 2971 fratres
687 2929 941 2971 Antiochus
959 2930 1003 2970 et
1022 2928 1248 2984 Philippus
1281 2926 1478 2981 (uterque
1506 2939 1748 2983 cognomen
1767 2927 1898 2970 habet

364 2988 613 3043 Epiphanes
645 2986 977 3042 Philadelphus)
1018 2989 1061 3030 et
1099 2987 1274 3030 fratrem
1305 2985 1574 3028 ulciscuntur
1605 2988 1648 3028 61
1680 2999 1778 3028 011111
1807 2986 1895 3028 Α11-

365 3047 531 3099 1100110,
572 3046 778 3101 Cyziceni
815 3046 926 3098 filio,
967 3045 1019 3088 de
1058 3059 1192 3102 regno
1225 3046 1404 3088 certant.
1473 3042 1685 3087 Maximus
1716 3044 1895 3087 fratrum

365 3106 606 3148 Antiochus
639 3106 799 3148 Oronte
830 3105 1010 3147 haustus
1041 3106 1173 3160 perit,
1214 3105 1292 3147 sed
1323 3103 1548 3159 Philippus
1580 3104 1769 3172 aliquam
1799 3117 1896 3159 par-

365 3167 455 3207 tem
477 3164 630 3219 Syriae
661 3166 820 3216 tuetur,
853 3164 906 3206 de
939 3176 1023 3218 qua
1054 3166 1199 3206 tamen
1230 3176 1316 3206 non
1347 3163 1489 3205 minus
1523 3175 1621 3205 cum
1643 3164 1733 3206 suis
1755 3163 1894 3218 ipsius

365 3223 568 3266 fratribus
610 3223 848 3265 minoribus
888 3222 1106 3265 Demetrio
1137 3223 1332 3265 Eucaero
1372 3223 1416 3264 et
1452 3220 1667 3264 Antiocho
1698 3222 1895 3278 Dionyso

366 3295 559 3338 pugnare
590 3282 773 3337 cogitur

309 3339 553 3383 Demetrius
586 3340 701 3395 apud
729 3339 912 3382 Parthos
945 3340 1142 3395 captivus
1176 3339 1355 3382 moritur

266 3447 270 3456 Ι
308 3397 549 3442 Α11110011116
582 3400 627 3441 111
657 3397 818 3441 Arabia
846 3397 961 3453 perit

263 3457 267 3476 ‘¹
316 3458 528 3513 Tiyranes,
560 3457 790 3501 Armeniae
819 3469 899 3499 rex
927 3457 1271 3512 potentissimus,
1309 3455 1562 3500 Seleucidas
1595 3468 1744 3499 omnes
1757 3455 1896 3522 611011

261 3524 263 3535 ³
369 3520 413 3561 61
444 3517 615 3574 Syriam
644 3529 779 3573 regno
812 3527 890 3559 suo
922 3515 1131 3571 adiungit,
1161 3515 1406 3559 volentibus
1439 3514 1564 3571 Syris

1910 358 2036 391 mehr.
2078 358 2222 400 olymp.

1941 521 2024 564 162
2089 519 2172 564 154
2193 520 2219 563 3

1942 753 2027 799 150
2090 754 2173 798 157
2196 754 2223 797 3

1944 872 2026 916 146
2092 870 2176 915 158
2196 871 2223 915 3

1945 1108 2030 1151 144

1941 1167 2028 1210 142
2091 1166 2175 1211 159
2199 1166 2225 1209 2

1948 1284 2031 1328 138
2094 1284 2179 1328 160
2199 1284 2227 1328 3

1946 1342 2029 1387 137
2095 1343 2179 1387 160
2200 1343 2227 1386 3

1947 1519 2030 1563 133
2095 1520 2175 1563 161
2199 1521 2229 1563 4

1946 1577 2031 1622 128
2095 1579 2179 1623 162
2199 1579 2228 1622 4

1948 1695 2031 1739 128

1945 1871 2029 1916 125
2094 1872 2179 1916 163
2200 1872 2227 1916 3

1947 1989 2033 2032 124

1947 2401 2031 2445 113
2095 2401 2179 2444 166
2201 2402 2230 2444 4

1977 2577 2032 2620 96
2097 2578 2182 2621 170
2201 2578 2230 2621 4

1975 2693 2032 2738 95
2096 2694 2178 2737 171
2206 2695 2226 2737 l

1978 2871 2034 2914 93

1977 3336 2034 3379 88

1976 3394 2032 3438 85

1976 3511 2032 3556 83
2097 3511 2180 3555 174
2202 3511 2228 3556 2
