2392 4016
784 242 912 280 usque
942 230 996 268 ad
1028 240 1177 268 annum
1209 240 1246 267 a.
1269 227 1364 267 Chr.
1387 230 1489 267 491.
2044 225 2103 271 57

180 380 315 471 “’5ῗ)”-ἷ’
379 388 467 469 ΞΕ
517 422 618 466 (300.
651 420 714 463 Μ.
745 421 950 464 Horatius
980 421 1185 475 Ραιηειιι,
1213 420 1279 472 11,
1310 419 1361 461 Ρ.
1383 419 1573 461 Valerius
1603 419 1815 474 Poplicola
1847 419 1935 462 111.
1939 419 1963 469 )
1998 418 2104 462 ‘ru-

570 480 744 537 quinius
784 479 1022 524 Tusculum
1062 479 1116 522 ad
1158 477 1394 521 Mamilium
1433 477 1661 520 Octavium
1707 478 1962 522 dictatorem
2001 478 2103 521 abit.

272 545 274 548 ’
573 538 800 596 Templum
834 539 949 583 Iovis
981 537 1216 595 Capitolini
1247 536 1486 589 dedicatur,
1518 536 1789 579 combustum
1823 550 1860 580 a.
1891 535 1964 581 83.

210 602 297 647 506
378 599 464 644 248
515 598 616 643 008.
646 598 723 653 Sp.
756 598 936 641 Larcius
966 598 1132 651 Flavus,
1171 596 1218 640 T.
1249 596 1488 638 Herminius
1515 596 1749 649 Aquilinus.

212 659 300 706 505
379 658 467 703 249
536 684 594 692 -
657 657 720 700 M.
753 657 944 701 Valerius
969 657 1165 708 Votum,
1213 655 1264 699 P.
1295 655 1529 698 Postumius
1563 653 1775 696 Tubertus.
1845 653 1985 697 Ambo
2014 666 2104 696 cos.

476 752 481 757 .
572 716 841 772 triumphant
870 715 924 759 de
956 715 1145 760 Sabinis.
1566 719 1570 724 '

210 777 297 822 504
376 774 465 821 250
516 773 618 819 008.
655 774 706 817 P.
742 775 932 817 Valerius
968 773 1184 829 Poplicola
1221 772 1314 826 IV,
1367 772 1414 815 Τ.
1453 771 1671 815 Lucretius
1713 770 1979 826 Tricipitinus
2016 770 2106 820 11.)

579 833 710 877 Attus
743 833 952 886 Clausus,
991 832 1106 889 apud
1136 832 1260 875 Rom.
1322 831 1484 887 Appius
1518 830 1735 883 Claudius,
1768 829 1979 881 Sabinus,
2009 841 2107 871 cum

574 904 733 949 magno
765 903 942 935 numero
974 891 1196 935 clientium
1217 891 1398 934 Romam
1430 888 1641 946 confugit,
1672 889 1767 945 ipse
1797 889 1842 931 in
1874 891 2019 945 patres
2048 888 2109 930 al-

575 951 730 1005 lectus,
751 950 924 1004 ceteris,
957 963 1054 995 cum
1077 962 1182 1007 agro
1203 953 1323 993 trans
1346 948 1573 1002 Anienem,
1605 948 1760 991 civitas
1782 947 1883 990 data
1903 949 1949 991 et
1970 947 2107 991 tribus

572 1009 756 1054 Claudia
794 1007 886 1063 (De
917 1010 1144 1053 nobilitate
1175 1009 1320 1066 gentis
1353 1008 1408 1052 cf.
1439 1008 1560 1052 Suet.
1594 1006 1692 1050 Tib.
1718 1005 1778 1060 l.)
1809 1006 1978 1050 Bellum
2010 1018 2108 1050 cum

579 1069 770 1123 Sabinis,
803 1081 858 1112 ex
889 1081 975 1125 quo
1005 1068 1242 1125 triumphat
1272 1068 1319 1111 P.
1343 1067 1559 1111 Valerius.

213 1130 299 1175 503
379 1128 463 1174 251
520 1128 621 1172 008.
643 1129 693 1171 P.
711 1129 942 1173 Postumius
963 1128 1161 1171 Tubertus
1176 1127 1239 1180 II,
1261 1127 1456 1183 Aqrippa
1471 1126 1683 1169 Menenius
1703 1123 1933 1175 Lanatus.)
1966 1123 2111 1167 Prima

223 1213 225 1215 -
455 1197 461 1203 ’
577 1188 723 1231 ovatio
754 1187 802 1231 P.
834 1187 1047 1230 Postumii
1077 1186 1130 1230 de
1162 1186 1351 1230 Sabinis.

215 1247 301 1293 502
383 1246 468 1291 252
522 1246 622 1291 008.
652 1246 795 1302 Opiter
819 1246 1038 1303 Vcryinius
1057 1246 1277 1299 Tricostus,
1309 1245 1384 1301 Sp.
1412 1244 1580 1287 Cassius
1604 1241 1885 1293 Viscellinus.)
1916 1242 2112 1285 Pometia

582 1304 884 1349 Auruncorum
916 1308 1044 1361 capta
1074 1307 1120 1348 et
1149 1304 1304 1347 diruta.
1356 1303 1564 1347 Sabinum
1595 1301 1757 1345 bellum
1789 1301 2091 1356 compositum.

215 1365 298 1411 501
383 1364 470 1409 253
522 1363 623 1408 008.
655 1364 870 1407 Postumus
911 1364 1115 1406 Cominius
1150 1363 1386 1416 Auruncus,
1434 1362 1482 1405 T.
1522 1362 1703 1404 Larcius
1738 1360 1932 1411 Flavus.)
2002 1359 2111 1403 Cum

577 1423 738 1467 bellum
770 1436 796 1465 a
823 1423 1004 1480 triginta
1033 1422 1207 1479 populis
1238 1421 1408 1465 Latinis
1439 1421 1697 1472 immineret,
1721 1419 1782 1461 T.
1815 1419 1996 1461 Larcius
2027 1419 2111 1475 pri-

577 1494 674 1525 mus
705 1483 894 1536 dictator,
937 1482 1030 1524 sive
1061 1481 1272 1537 magister
1299 1479 1465 1536 populi,
1504 1481 1657 1531 dictus,
1696 1479 1771 1533 qui
1801 1477 1877 1534 Sp.
1911 1477 2111 1521 Cassium

214 1600 304 1646 500
384 1598 471 1644 254
522 1539 1261 1654 Golgaffilcsffugalssilgigugmliiffiaegs
1285 1535 1602 1650 (3:›2-“22'118'2
1599 1597 1622 1638 ’.
1660 1596 1820 1638 Tullius
1849 1596 2032 1650 Lonyus.

211 1660 300 1704 499
381 1657 467 1703 255
537 1685 596 1693 —
661 1658 710 1701 Τ.
740 1657 941 1701 Aebutius
968 1658 1095 1711 Elva,
1126 1658 1178 1700 P.
1204 1658 1394 1700 Veturius
1427 1655 1619 1700 Geminus
1653 1655 1877 1698 Cicurinus.

212 1718 301 1763 498
381 1717 468 1762 256
539 1739 596 1747 --
661 1717 711 1767 Q.
748 1717 925 1760 Cloelius
954 1717 1133 1770 Siculus,
1171 1717 1218 1759 T.
1251 1717 1431 1759 Larcius
1459 1716 1615 1758 Flavus
1643 1714 1708 1756 II.
1749 1713 1859 1766 (Hoc
1889 1725 1994 1753 auno
2025 1716 2115 1764 qui-

578 1777 671 1816 dam
700 1777 748 1816 T.
770 1777 960 1816 Larcium
990 1777 1230 1815 dictatorem
1260 1777 1383 1816 fuisse
1415 1776 1558 1814 dicunt
1587 1784 1834 1822 censumque
1862 1775 2015 1824 egisse3
2054 1775 2115 1813 in-

578 1837 693 1874 venti
727 1836 897 1874 150700
929 1834 1137 1886 puberes.)

214 1896 301 1941 497
383 1893 470 1940 257
524 1892 625 1937 008.
656 1894 711 1936 Α.
743 1894 1007 1949 Sempronius
1036 1894 1269 1946 Atratinus,
1307 1892 1371 1934 M.
1404 1892 1615 1934 Minucius
1646 1890 1926 1946 Auyurinus.)
1988 1890 2115 1934 Tem·

579 1953 699 2009 plum
732 1952 909 1997 Saturni
940 1952 1178 2004 dedicatur,
1211 1951 1459 1996 Saturnalia
1487 1951 1787 1994 instituuntur.

218 2013 305 2058 496
385 2012 472 2057 258
524 2011 625 2055 008.
658 2012 712 2054 Α.
734 2012 967 2054 Postumius
986 2011 1119 2054 Albus
1140 2011 1404 2066 Rcyillcnsis,
1443 2009 1490 2052 T.
1509 2009 1731 2065 Verqinius
1766 2006 2014 2059 Tricostus.)
2061 2007 2113 2050 A.

583 2070 851 2124 Postumius,
891 2070 1077 2114 dictator
1106 2070 1262 2122 factus,
1305 2082 1404 2112 cum
1434 2068 1609 2125 populis
1639 2067 1830 2119 Latinis,
1870 2081 1896 2110 a
1925 2066 2115 2110 Mamilio

583 2129 833 2173 Tusculano
865 2130 1110 2182 concitatis,
1142 2128 1198 2172 ad
1228 2128 1370 2171 lacum
1399 2127 1621 2183 Regillum
1653 2125 1863 2183 confligit.

215 2189 303 2235 495
385 2188 472 2234 259
524 2187 625 2232 008.
647 2189 758 2244 App.
785 2188 983 2231 Claudius
1002 2188 1186 2231 Sabinus
1206 2187 1378 2242 Reqill„
1399 2187 1450 2229 P.
1472 2186 1676 2229 Servilius
1697 2186 1867 2228 Priscus
1885 2183 2115 2234 Str-uetus.)

589 2247 840 2302 Tarquinius
866 2259 945 2290 rex
977 2247 1078 2291 exul
1110 2245 1260 2290 Cumis
1291 2247 1471 2288 moritur.
1518 2245 1683 2301 Romae
1712 2244 1852 2288 tribus
1884 2243 1938 2287 21
1962 2242 2117 2296 factae,

583 2306 755 2365 adiecta
786 2304 981 2364 Claudia.
1028 2305 1231 2349 Mercurii
1261 2305 1470 2362 templum
1501 2297 1811 2347 affuturione
1842 2303 2013 2360 plebeio
2045 2301 2117 2344 de-

582 2364 764 2408 dicatur.
824 2364 995 2408 Bellum
1026 2377 1124 2408 cum
1155 2363 1344 2407 Volscis.
1406 2362 1560 2420 Signia
1590 2362 1775 2415 colonia,
1808 2361 2008 2419 suppleto
2041 2374 2117 2404 nu·

581 2436 700 2475 mero
733 2424 998 2477 colonorum,
1028 2424 1185 2467 iterum
1216 2422 1416 2466 deducta.

215 2484 303 2528 494
372 2482 472 2527 ,260
524 2482 625 2527 Cos.
658 2483 712 2525 Δ.
739 2483 958 2538 Verqinius
995 2483 1202 2525 Tricostus
1237 2482 1601 2533 Caeliomontanus,
1639 2481 1687 2524 T.
1715 2480 1903 2522 Vetusius
1928 2478 2119 2521 Geminus

283 2551 285 2555 ’
405 2543 460 2582 16
586 2541 839 2594 Cicurinus.)
897 2538 966 2585 Μ’.
988 2541 1190 2585 Valerius
1211 2541 1424 2583 Maximus
1453 2539 1572 2591 dict„
1604 2538 1671 2591 (Q.
1695 2537 1907 2581 Servilius
1939 2537 2116 2580 Priscus

386 2605 482 2652 post
585 2601 788 2645 Structus
830 2613 944 2657 mag.
985 2600 1079 2656 eq.)
1122 2599 1349 2642 seditionis
1389 2597 1606 2641 sedandae
1645 2609 1780 2640 causa
1819 2596 2006 2639 Velitras
2044 2607 2117 2639 co·

383 2672 496 2710 reges
586 2660 747 2703 Ioniam
780 2659 968 2702 deducit.
1040 2659 1170 2702 Plebs
1211 2657 1439 2714 promissis
1481 2656 1691 2700 destituta
1722 2656 1764 2698 in
1798 2667 1967 2697 sacrum
1999 2666 2118 2697 mon-

358 2723 526 2760 exactos
584 2721 672 2761 tem
703 2718 884 2771 secedit,
915 2730 1051 2774 eaque
1082 2730 1127 2760 re
1157 2718 1360 2773 impetrat
1390 2728 1417 2758 a
1444 2714 1655 2771 patribus,
1688 2718 1736 2757 ut
1766 2714 1955 2770 quinque
1994 2713 2115 2756 TRI-

586 2776 807 2820 BUNOS
825 2776 1072 2819 PLEBEI
1097 2776 1329 2832 quotannis
1361 2786 1508 2818 creare
1529 2774 1660 2817 liceat
1680 2775 1998 2825 sacrosanctos,
2028 2773 2115 2815 sin-

491 2836 498 2843 '
587 2835 714 2893 gulos
747 2842 803 2878 ex
842 2835 1028 2891 singulis
1067 2835 1296 2878 classibus.
1366 2831 1512 2887 (Sunt
1540 2833 1615 2889 qui
1647 2832 1756 2875 duos
1787 2836 1957 2875 creatos
1988 2835 2033 2874 et
2062 2831 2116 2874 ab

587 2893 655 2939 his
686 2896 775 2937 tres
808 2892 988 2937 allectos
1019 2892 1179 2938 dicant.
1240 2892 1402 2936 Ascon.
1435 2892 1490 2935 ad
1520 2891 1611 2935 Cic.
1644 2905 1685 2948 p.
1721 2889 1909 2942 Cornel.)
1961 2890 2118 2934 Ineunt

587 2951 663 2997 IV.
693 2951 755 2996 Id.
788 2951 893 2996 Dec.
956 2952 1064 2995 Item
1096 2952 1181 2996 duo
1213 2953 1367 2995 aediles
1396 2951 1455 3008 pl.
1487 2951 1787 2994 instituuntur.

223 3013 312 3057 493
394 3010 475 3054 261
533 3010 634 3055 Cos.
671 3010 749 3068 Sp.
795 3010 963 3054 Cassius
987 3011 1229 3055 Viscellinus
1266 3012 1337 3064 ΙΙ,
1383 3010 1498 3053 Post.
1543 3010 1747 3052 Cominius
1783 3010 1997 3051 Auruncus
2029 3008 2088 3050 11.
2092 3007 2116 3058 )

588 3069 761 3114 Foedus
790 3070 924 3114 ictum
955 3082 1054 3114 cum
1085 3070 1267 3123 Latinis,
1297 3068 1626 3113 condicionibus
1657 3068 1822 3124 aequis.
1877 3066 1985 3110 Cum
2016 3066 2117 3109 Vol-

592 3128 680 3173 scis
701 3128 862 3173 bellum
886 3129 1063 3186 geritur,
1097 3128 1272 3182 Corioli,
1335 3140 1414 3171 uos
1435 3130 1655 3184 ceperant,
1686 3138 1787 3169 recu
1847 3127 1942 3169 rati.
1975 3124 2117 3168 Aedes

593 3186 765 3232 Cereris
803 3187 951 3231 Liberi
980 3187 1247 3245 Liberaeque
1286 3200 1312 3230 a
1379 3186 1541 3229 circum
1579 3197 1693 3228 max.
1732 3184 1785 3227 de
1818 3185 1943 3227 icatu.
1992 3183 2117 3227 Dion.

593 3245 643 3299 6,
676 3245 746 3291 94.
816 3245 882 3290 of.
922 3246 1032 3290 Plin.
1065 3246 1144 3299 35,
1180 3246 1276 3290 154.
1350 3245 1501 3288 Census
1529 3253 1646 3286 octus
1674 3259 1702 3285 a
1732 3259 1813 3285 cos.
1846 3243 1965 3294 (lim.
1992 3242 2117 3295 1⁷11),

592 3319 710 3347 censa
742 3303 934 3358 110,000
963 3320 1052 3360 cap.

226 3363 313 3408 492
397 3362 483 3406 262
536 3362 636 3407 008.
673 3363 721 3406 Τ.
758 3362 971 3420 G'syoenius
1001 3364 1250 3415 Macerinus,
1285 3362 1336 3406 P.
1367 3362 1577 3405 Minucius
1607 3359 1884 3417 Auqurinus.)
1935 3358 2119 3403 Norbani

595 3435 707 3467 nova
737 3421 909 3467 colonia
938 3421 1187 3474 deducitur,
1227 3433 1337 3478 quae
1369 3434 1446 3465 arx
1487 3421 1531 3464 in
1565 3420 1793 3477 Pomptino
1825 3422 1956 3463 esset.
2026 3419 2119 3463 Lex

593 3481 716 3525 Icilia
745 3480 798 3524 de
829 3480 1099 3525 tribunorum
1132 3483 1359 3538 potestate.

230 3540 314 3585 491
398 3539 484 3583 263
537 3539 636 3584 Cos.
670 3540 733 3583 M.
767 3539 976 3583 Minucius
1016 3540 1255 3595 Auyurinus
1284 3539 1348 3594 11,
1393 3539 1447 3582 A.
1487 3539 1580 3581 Sem
1657 3539 1748 3581 nius
1783 3538 2001 3580 Atratinus
2029 3536 2119 3586 11.)

600 3599 644 3642 C.
677 3598 842 3642 Marcio
885 3599 1100 3641 Coriolano
1140 3599 1233 3642 dies
1271 3598 1431 3643 dicitur
1469 3611 1495 3639 a
1530 3598 1585 3641 tri
1618 3596 1736 3649 unis,
1777 3595 1891 3652 quod
1931 3608 2007 3652 per
2046 3608 2119 3651 op-
