2392 4016
10 1927 25 1980 1

11 1984 25 2016 ,ἐ

11 2020 25 2068 ,ἔ

10 2100 28 2170 ,ξ’

23 766 35 865 νῆ’-’ν-
24 740 26 745 ·’
25 705 34 729 -
26 661 37 694 ⁴¹.-
28 590 30 596 -
28 558 30 567 -
34 539 38 543 .
31 455 36 474 „-

618 190 669 230 ab
702 202 807 229 anno
838 201 879 240 p.
897 186 992 228 Chr.
1019 189 1100 228 176
1133 198 1260 238 usque
1291 189 1343 227 ad
1374 191 1527 228 annum'
1558 191 1656 230 198.
2019 190 2102 235 165

165 336 254 378 ⁹⁸⁰⁶
316 346 397 370 Μ’
441 337 529 377 imp.
617 378 778 422 veteris
817 378 1077 437 disciplinae
1107 378 1269 432 virum,
1319 377 1507 422 celebris
1539 376 1622 421 Icti
1653 380 1831 424 dubium
1861 394 1916 425 an
1949 379 2098 426 filium.

619 437 726 482 Inde
759 437 1023 483 Commodus
1060 437 1304 496 appellatur
1331 436 1628 481 Britannicus.

167 500 252 545 183
316 500 402 545 936
493 499 523 543 4
592 496 694 542 008.
737 496 847 555 Imp.
881 497 1145 542 Commodus
1184 496 1268 551 IV,
1316 495 1366 540 0.
1395 494 1597 540 Aufidius
1617 495 1870 541 Victorinus
1900 498 1942 541 11
1980 499 2102 550 (suff

160 1265 247 1310 184

159 1381 244 1429 185

156 1678 242 1724 186

146 1843 243 1923 *187—

156 1972 240 2017 188

95 2041 99 2045 ’
157 2031 242 2077 189

155 2682 242 2727 190

155 2742 237 2787 191

157 3096 242 3141 192

159 3331 243 3376 193

617 555 668 600 L.
703 556 894 601 Tutilius
925 557 1164 601 Pontianus
1198 555 1463 608 Gentianus,
1502 554 1559 598 M.
1590 554 1837 600 Herennius
1869 557 2099 602 Secundus

616 617 661 658 et
691 615 746 658 M.
778 615 992 672 Egnatius
1025 613 1295 668 Postumus.)
1342 614 1556 659 Thermae
1578 613 1913 659 Commodianae
1935 616 2099 661 Romae

617 676 909 719 constructae.
989 674 1231 719 Consilium
1279 675 1553 728 interficiendi
1597 673 1801 717 Commodi
1848 687 1876 717 a
1914 674 2100 729 Lucilla,

614 734 755 790 ipsius
787 745 959 787 sorore,
999 737 1044 777 et
1074 733 1292 786 Quadrato
1332 733 1488 776 initum
1527 732 1697 776 irritum
1730 732 1859 776 cadit.
1931 732 2025 786 Qua
2054 748 2101 778 re

461 797 514 832 tr.
615 793 788 836 saevior
815 792 957 836 factus
978 792 1068 845 ille,
1100 805 1199 835 cum
1230 794 1359 835 antea
1379 792 1536 836 saltem
1555 791 1834 835 mediocriter
1854 798 2098 849 regnasset,

361 862 365 867 ·
442 856 529 903 pot.
618 852 840 908 principes
879 852 1070 895 civitatis
1111 854 1156 894 et
1185 853 1356 894 veteres
1396 851 1561 894 amicos
1601 851 1764 907 patris,
1805 850 1999 895 Salvium
2031 852 2100 895 Iu-

486 912 512 950 8
615 910 795 964 lienum,
823 911 974 954 ambos
997 910 1272 964 Quinctilios,
1294 910 1545 963 Paternum,
1567 909 1691 964 alios,
1721 910 1941 954 necandos
1963 915 2099 955 curat.

612 969 801 1023 Perenni,
841 969 977 1027 praef.
1009 972 1162 1027 praet„
1193 969 1407 1026 regnandi
1437 982 1564 1013 curas
1594 970 1839 1022 committit,
1871 970 1972 1013 dum
2002 971 2099 1027 ipse

611 1028 857 1073 inhonestis
890 1029 1275 1073 exercitationibus
1308 1029 1503 1085 corporis
1535 1028 1694 1072 studet.
1763 1029 1947 1081 Marcia,
1979 1034 2098 1084 post-

612 1100 741 1144 quam
773 1087 976 1145 Crispina
1004 1087 1206 1146 Augusta
1236 1087 1420 1141 (Bruttii
1450 1088 1701 1131 Praesentis
1732 1086 1853 1141 filia),
1897 1088 2099 1132 adulterii

615 1147 830 1201 convicta,
861 1147 1058 1205 relegata
1087 1150 1177 1202 est,
1218 1148 1464 1192 concubina
1492 1147 1766 1203 imperatoris
1797 1146 1937 1201 facta,
1976 1146 2100 1192 Chri-

613 1206 769 1250 stianis
800 1206 930 1250 favet.

307 1265 394 1310 937
484 1263 514 1310 5
576 1264 678 1310 008.
709 1265 760 1309 L.
794 1265 1035 1310 Cossonius
1065 1265 1234 1322 Eggius
1265 1264 1505 1318 Marullus,
1545 1263 1624 1308 Cn.
1657 1264 1858 1321 Papirius
1889 1264 2098 1309 Aelianus

613 1322 738 1376 (suff.
774 1323 822 1368 C.
857 1325 1064 1369 Octavius
1086 1324 1291 1375 Vindex.)

306 1383 393 1428 938
486 1383 512 1426 6
577 1381 679 1427 008.
710 1383 931 1427 Maternus
965 1386 1010 1427 et
1037 1382 1246 1436 Bradua.)
1300 1382 1510 1427 Perennis
1544 1395 1570 1425 a
1598 1382 1847 1438 legionibus
1877 1382 2097 1426 Britanni-

610 1443 697 1495 cis,
749 1455 858 1499 quas
899 1442 1160 1496 offenderat,
1198 1443 1348 1486 missis
1387 1442 1570 1485 Romam
1611 1441 1823 1484 militibus
1865 1441 2003 1495 1500,
2042 1442 2097 1485 ad

456 1506 508 1540 tr·
617 1501 878 1558 supplicium
917 1501 1183 1558 postulatur,
1224 1503 1269 1544 et
1299 1514 1325 1544 a
1356 1499 1593 1544 Commodo
1626 1499 1810 1543 deditur.
1881 1501 1970 1545 Sed
2001 1501 2095 1544 eius

437 1563 524 1610 pot.
612 1559 758 1603 locum
789 1574 840 1604 ac
871 1561 1111 1617 potentiam
1138 1561 1339 1603 Cleander
1359 1559 1589 1603 libertinus
1611 1559 1742 1615 capit,
1776 1560 1945 1603 avarior
1965 1561 2097 1604 etiam

454 1620 508 1658 10
609 1621 655 1661 et
683 1619 914 1663 crudelior.

304 1677 390 1724 939
481 1677 508 1720 7
571 1676 679 1734 Imp.
712 1677 878 1722 Comm
898 1678 954 1731 V,
993 1674 1062 1720 M’.
1094 1675 1240 1721 Acilio
1274 1676 1511 1721 Glabrione
1541 1675 1587 1719 II
1617 1688 1708 1720 008.
1751 1677 1797 1719 in
1825 1677 2095 1720 Britanniam

607 1736 795 1781 mittitur
825 1738 1040 1790 Pertinax,
1070 1737 1224 1780 humili
1258 1749 1417 1793 genere
1450 1738 1585 1789 ortus,
1620 1735 1700 1778 sed
1730 1736 1805 1791 qui
1837 1737 1918 1780 sub
1949 1737 2094 1780 Marco

608 1796 739 1839 rebus
772 1797 975 1854 gerendis
1008 1798 1274 1839 assueverat.

304 1853 392 1899 940
481 1853 510 1898 8
573 1853 675 1898 008.
709 1854 760 1898 L.
793 1855 993 1899 Bruttius
1026 1854 1276 1911 Crispinus,
1323 1853 1374 1897 L.
1414 1852 1603 1896 Roscius
1642 1817 1886 1907 Aelianus.)
1954 1853 2094 1897 Pesti-

606 1913 743 1957 lentia
771 1914 955 1958 Romam
987 1916 1032 1958 et
1061 1913 1232 1957 Italiam
1261 1915 1435 1956 vastare
1465 1911 1634 1968 incipit.

303 1971 386 2016 941
481 1972 507 2016 9
571 1971 672 2016 008.
703 1973 948 2018 Fascianus
979 1973 1038 2026 II,
1069 1972 1125 2016 M.
1157 1972 1371 2016 Servilius
1403 1970 1581 2016 Silanus
1613 1970 1670 2014 ΙΙ.

303 2030 389 2075 942
454 2030 511 2075 10
573 2030 675 2075 008.
709 2025 915 2076 ordinarii
947 2032 1099 2076 Iunius
1130 2031 1322 2084 Silanus,
1356 2030 1406 2084 Q.
1429 2030 1642 2074 Servilius
1665 2029 1856 2081 Silanus,
1887 2027 2091 2085 Hippone

608 2103 665 2134 ex
696 2089 848 2136 Africa
878 2091 1063 2135 oriundi.
1127 2091 1215 2135 Sed
1244 2091 1327 2134 hoc
1357 2089 1492 2133 ferme
1524 2101 1653 2142 anno,
1683 2090 1797 2132 teste
1829 2061 1991 2140 I')ione,
2033 2087 2090 2132 25

607 2151 789 2194 consules
806 2152 946 2206 fuisse
974 2152 1192 2207 putamus,
1225 2151 1270 2194 et
1298 2150 1411 2192 inter
1442 2161 1518 2192 808
1546 2149 1601 2191 L.
1623 2148 1862 2203 Septimium
1883 2147 2090 2200 Severum,

607 2221 664 2251 ex
683 2208 834 2253 Africa
865 2209 1109 2263 oriundum,
1141 2210 1216 2266 qui
1245 2203 1402 2266 postea
1419 2208 1649 2264 imperium
1670 2207 1852 2263 adeptus
1875 2208 1956 2249 est.
2009 2205 2091 2249 Fa-

454 2271 504 2306 tr·
614 2280 708 2311 mes
738 2281 818 2325 per
847 2271 985 2312 totam
1016 2242 1188 2312 Ital’iam
1219 2270 1459 2325 grassatur,
1491 2279 1622 2323 quam
1652 2267 1707 2309 ob
1737 2278 1830 2309 rem
1862 2264 2091 2319 Cleander,

434 2330 520 2378 pot.
611 2339 638 2370 a
665 2327 794 2383 plebe
826 2329 993 2372 urbana
1013 2327 1280 2371 tumultuose
1301 2328 1416 2371 inter
1436 2325 1564 2370 ludos
1588 2325 1818 2369 Circenses
1842 2327 2091 2377 accusatus,

453 2386 508 2425 14
607 2388 802 2431 necatur.
864 2387 966 2444 Ipse
997 2399 1100 2431 vero
1133 2385 1413 2440 Commodus,
1445 2401 1496 2428 ex
1525 2387 1632 2428 omni
1661 2386 1896 2427 dedecorum
1927 2399 1978 2425 ac
2007 2399 2091 2426 sce-

611 2446 736 2488 lerum
767 2447 990 2489 colluvione
1021 2455 1247 2500 concretas,
1289 2457 1388 2488 cum
1418 2443 1508 2488 300
1538 2443 1817 2496 concubinis,
1855 2443 1902 2485 in
1932 2442 2091 2498 quibus

607 2505 739 2548 etiam
770 2517 943 2549 sorores
975 2517 1078 2548 suas
1111 2517 1210 2548 esse
1240 2504 1398 2556 voluit,
1437 2502 1695 2555 bacchatur,
1739 2505 1784 2545 et
1813 2501 1964 2544 eadem
1995 2513 2090 2544 cru—

607 2563 785 2607 delitate
825 2564 921 2607 adv.
955 2565 1165 2620 optimum
1204 2574 1418 2620 quemque
1457 2563 1707 2605 senatorum
1738 2563 1868 2616 atque
1898 2561 1944 2604 in
1974 2559 2090 2604 feras

606 2622 773 2666 bestias
804 2623 957 2667 saevit.

303 2680 390 2726 943
455 2681 507 2725 11
572 2679 675 2725 008.
706 2681 815 2738 Imp.
849 2681 1112 2726 Commodus
1133 2680 1210 2734 VI,
1242 2680 1297 2724 M.
1329 2679 1562 2724 Petronius
1593 2678 1682 2735 Sep
1684 2678 1903 2722 timianus.

303 2741 390 2785 944
454 2739 507 2784 12
573 2738 674 2783 Cos.
699 2695 881 2784 Cassius
902 2740 1020 2784 Pedo
1041 2739 1318 2798 Apronianus
1352 2740 1493 2796 (pater
1512 2692 1682 2783 Dionisp
1690 2738 1835 2781 Cassii
1856 2735 2089 2791 historici),

607 2798 663 2842 Μ.
692 2798 837 2843 Valer.
877 2799 1052 2843 Bradua
1088 2797 1369 2852 (Mauricus).
1441 2798 1667 2854 Septimius
1696 2797 1872 2840 Severus
1911 2795 2090 2840 Germa-

609 2858 722 2902 nicis
761 2858 1009 2915 legionibus
1041 2858 1097 2902 ad
1127 2859 1373 2902 Danubium
1403 2857 1710 2915 praeponitur,
1748 2857 1806 2899 D.
1838 2856 2015 2898 Albinus
2043 2856 2089 2898 in

612 2915 757 2960 Gallia
778 2917 943 2962 Frisios
974 2917 1312 2962 transrhenanos
1343 2917 1492 2961 vincit.
1541 2916 1705 2960 Romae
1735 2915 1945 2972 templum
1965 2915 2088 2972 pacis

608 2988 708 3020 cum
738 2976 836 3021 aliis
867 2977 1017 3021 multis
1048 2975 1259 3021 aedificiis
1289 2975 1513 3034 deflagrat.
1562 2974 1806 3019 Palladium
1837 2987 1968 3031 aegre
2000 2986 2089 3017 ser-

607 3037 747 3079 vatur.

303 3092 389 3140 945
453 3092 508 3137 13
570 3091 671 3138 Cos.
703 3093 812 3151 Ιιιιρ.
845 3094 1108 3139 Commodus
1130 3094 1230 3148 VII,
1263 3095 1314 3137 P.
1345 3094 1521 3136 Helvius
1551 3092 1753 3135 Pertinax
1782 3092 1847 3144 11,
1888 3091 2088 3148 idemque

455 3157 506 3192 tr.
615 3152 862 3210 praefectus
900 3153 1052 3206 urbis.)
1115 3154 1323 3197 Extremo
1361 3152 1465 3196 anni
1505 3151 1574 3195 die
1615 3150 1901 3203 Commodus,
1940 3150 2089 3194 coniu-

436 3214 522 3262 pot·
612 3212 782 3256 ratione
817 3211 935 3257 facta
973 3214 1086 3257 inter
1115 3212 1319 3256 Marciam
1358 3214 1403 3255 et
1431 3210 1657 3255 Eclectum
1698 3209 2013 3253 cubicularium
2044 3212 2089 3253 et

455 3272 505 3310 17
608 3270 806 3324 Laetum,
835 3274 972 3329 praet.
1003 3271 1129 3315 milit.
1162 3270 1443 3328 praefectum,
1474 3271 1666 3313 necatur.

304 3330 391 3375 946
572 3327 673 3374 008.
707 3329 836 3374 Sosio
866 3330 1072 3383 Falcone,
1111 3329 1271 3374 Erucio
1304 3328 1432 3374 Claro
1463 3326 1815 3379 PERTINAX,
1856 3339 1992 3370 senex
2031 3326 2087 3369 67

611 3400 844 3442 annorum,
885 3403 911 3432 a
949 3389 1187 3433 coniuratis
1227 3387 1281 3433 ad
1316 3388 1544 3446 imperium
1575 3389 1755 3430 vocatus
1796 3388 1840 3429 et
1876 3385 2088 3430 militibus

612 3446 963 3501 commendatus,
1010 3462 1036 3491 a
1075 3450 1228 3492 senatu
1268 3447 1453 3492 libenter
1491 3446 1714 3502 accipitur.
1788 3444 1855 3487 Au
1889 3447 2014 3488 ustus
2046 3449 2091 3489 et

609 3515 729 3562 pater
746 3508 911 3562 pau-iae
930 3520 984 3564 ap
1016 3507 1183 3560 ellatur,
1210 3507 1308 3551 trib.
1330 3508 1546 3564 potestate
1566 3507 1755 3548 ornatur.
1786 3502 1845 3547 Se
1895 3516 1994 3547 cum
2014 3505 2090 3549 vix

614 3565 835 3663 coepisset
864 3565 964 3618 (Dio
1024 3565 1167 3610 assius
1196 3565 1433 3610 historicus
1460 3565 1514 3608 ab
1536 3575 1588 3608 eo
1607 3565 1811 3620 praetura
1828 3564 1982 3607 auctus
2004 3563 2087 3614 est)
