2392 4016
183 793 273 837 439

185 1147 274 1213 4140

185 1266 270 1310 441

187 1679 276 1725 442

186 1797 276 1843 443

189 2091 278 2138 445

191 2448 278 2493 446

192 2684 281 2729 447

194 2978 282 3023 448

340 343 375 366 u.
390 342 421 366 c.
505 333 591 372 imp.

339 790 451 836 1192
517 790 570 835 15

513 864 570 909 32

339 1147 452 1192 1193
519 1146 572 1191 16

340 1265 454 1310 1194

514 1265 573 1385 5⁴:12

343 1679 456 1724 1195
528 1679 582 1725 18

341 1798 454 1843 1196
519 1798 574 1842 19

341 1855 453 1902 1197
516 1857 575 1901 20

342 2093 456 2138 1198
518 2093 570 2137 21

518 2166 575 2212 38

344 2447 457 2494 1199
518 2447 577 2514 23

519 2521 576 2566 39

346 2684 461 2729 1200
521 2684 578 2728 23

519 2757 580 2803 40

347 2978 456 3023 1901
520 2978 583 3047 34

475 3065 480 3071 ·
520 3052 575 3097 41

629 186 680 225 ab
712 196 818 225 anno
850 196 889 235 p.
909 183 1005 224 Chr.
1035 185 1121 224 480
1155 195 1282 235 usqne
1312 185 1364 223 ad
1393 195 1543 223 anuum
1574 184 1676 223 448.
2036 179 2120 225 197

673 375 964 420 Constantino
996 377 1154 431 Magno
1187 376 1279 420 suis
1321 387 1519 432 quaeque
1560 376 1698 420 titulis
1737 375 1982 432 descriptae
2019 388 2121 420 cou-

674 435 889 490 tinentur,
924 434 1301 492 Constantinopoli
1334 433 1595 491 publicatur,
1628 449 1653 477 a
1686 434 1990 479 Valentiniano
2020 447 2122 478 cou-

670 492 865 539 firmatus
899 495 1079 539 eandem
1120 508 1198 553 per
1236 494 1485 552 provincias
1516 493 1654 538 occid.
1687 495 1788 552 imp.
1822 494 2122 539 auctoritatem

672 553 715 597 in
750 553 925 598 iudiciis
956 554 1098 598 habet.

731 613 1029 658 Theodoriana
1052 612 1240 657 Tolosae
1273 612 1482 656 obsessus
1503 611 1693 668 erumpit
1725 614 1771 655 et
1790 611 2016 663 Litorium,
2047 611 2124 655 dn·

671 685 767 716 cem
798 672 939 727 Rom„
970 672 1225 716 Hunnorum
1258 671 1454 716 exercitu
1485 669 1664 723 fretum,
1704 670 1840 714 vincit
1882 671 2123 727 caeditque.

670 730 764 775 Pax
793 731 1051 775 restituitur.

634 790 735 835 Cos.
770 789 1019 835 Theodosio
1059 789 1171 845 Aug.
1212 787 1344 832 XVII
1383 790 1428 831 et
1465 787 1599 832 Festo
1641 787 1819 844 duplici·
1852 788 1976 833 clade
2022 790 2124 846 imp.

672 849 796 893 Rom.
828 848 1029 893 afficitur.
1091 848 1142 893 In
1174 847 1388 905 Hispania
1408 847 1599 900 Rechila,
1631 847 1854 891 Suevorun·
1885 864 1970 901 rex,
2001 847 2126 892 Eme·

669 908 799 951 ritam
830 907 1019 966 Augusti
1051 907 1279 960 (11911119),
1310 906 1564 951 Lusitaniae
1596 910 1741 963 caput,
1773 906 1987 964 Hispalim
2020 906 2128 952 Bae·

671 967 786 1011 ticae
819 970 1064 1025 expugnat:
1097 968 1142 1010 in
1163 966 1313 1011 Africa
1339 965 1571 1010 Geisericm
1597 966 1850 1023 Carthaqine
1880 966 1934 1018 (9
1956 965 2130 1019 Octob.)

669 1029 840 1083 potitur.
904 1026 995 1070 Iam
1029 1029 1174 1071 certus
1215 1025 1512 1084 possessionis
1554 1024 1721 1070 fertiles
1763 1039 1892 1083 agros
1932 1026 2127 1071 barbaris

672 1086 884 1130 militibus
917 1086 1010 1130 suis
1044 1086 1255 1143 assignat,
1287 1085 1418 1129 rebus
1451 1085 1681 1129 maritimis
1714 1085 1889 1130 studere
1921 1086 2078 1143 coepit.

636 1147 738 1191 Cos.
771 1146 1078 1190 Valentiniano
1119 1146 1232 1203 Aug.
1264 1144 1305 1187 V
1344 1148 1389 1189 et
1424 1144 1630 1189 Anatolio
1672 1143 1948 1198 Geisericus‚
1987 1145 2130 1189 classe

636 1204 1389 1322 ossssfnssffysssswaiffss⁰ssssissgffig>⁰
1407 1203 2129 1321 οζέἳιῗ”οιξεῗὲἶῗζῗιῑῖ.ῗ’1“’ἒξζ.-

672 1324 793 1369 ratus
824 1324 959 1370 mittit
981 1323 1036 1368 ad
1067 1322 1409 1381 recuperandam
1429 1321 1636 1376 Africam,
1669 1322 1749 1367 sed
1779 1324 1874 1368 eius
1906 1321 2129 1380 praefecti,

674 1384 878 1428 simulata
907 1396 1016 1442 pace
1050 1397 1076 1427 a
1108 1382 1334 1427 Geiserico
1368 1381 1564 1439 decepti,
1594 1381 1756 1427 frustra
1786 1383 1904 1427 circa
1934 1382 2130 1427 Siciliam

675 1446 847 1500 tempus
878 1446 1039 1496 terunt,
1071 1443 1174 1486 dum
1194 1442 1369 1486 interim
1390 1442 1529 1485 Attila
1550 1441 1796 1485 Danubium
1817 1442 1987 1494 transit,
2018 1441 2133 1485 Hoe-

674 1503 1175 1618 ἓῖἷῗὲἶίρῗΐρθῗῖἷέξ
1197 1500 1907 1617 {nhpzssssssz‘zffleffl‘zffl‘
1926 1501 2133 1604 {⁴:3⁸3ae

677 1621 965 1677 componitur.

645 1679 747 1724 Cos.
771 1679 971 1724 Eudoxio
1003 1682 1048 1724 et
1076 1679 1142 1722 Fl.
1165 1678 1379 1722 Dioscoro
1410 1676 1549 1722 Attila
1579 1677 1876 1723 Theodosium
1906 1678 2045 1735 adigit
2073 1677 2128 1721 ad

675 1751 830 1797 pacem
859 1739 1023 1783 tributo
1055 1751 1106 1782 ac
1136 1738 1255 1794 turpi
1287 1737 1497 1794 obsequio
1528 1737 1836 1781 redimendam.

637 1797 738 1842 Cos.
772 1798 1004 1842 Petronius
1035 1797 1250 1840 Maximus
1282 1795 1326 1840 11
1357 1799 1402 1840 et
1431 1796 1644 1841 Paterius.

637 1857 738 1902 Cos.
773 1857 1047 1902 Theodosius
1086 1855 1199 1913 Aug.
1232 1855 1408 1909 XVIII,
1459 1854 1651 1900 Caecina
1697 1855 1860 1900 Decius
1907 1854 2130 1908 Albinus.)

675 1916 872 1961 Eudocia
911 1929 1011 1961 cum
1043 1915 1227 1973 gratiam
1267 1915 1411 1959 mariti
1442 1915 1578 1960 semel
1608 1916 1815 1960 amissam
1845 1914 2129 1959 reconciliare

677 1976 763 2020 sibi
792 1988 880 2020 11011
910 1976 1074 2033 possit,
1113 1974 1420 2032 Hierosolyma
1457 1974 1628 2019 secedit
1666 1975 1814 2031 ibique
1844 1974 2129 2031 religionibus

679 2034 827 2079 dedita
857 2034 1147 2079 consenescit.

636 2094 971 2138 Valentinianus
1013 2106 1102 2138 cos.
1134 2092 1198 2137 VI
1238 2104 1338 2135 cum
1367 2091 1526 2135 Nomio
1564 2092 1662 2149 lege
1703 2092 1757 2136 ad
1788 2092 1964 2137 Aiitium
1995 2092 2131 2136 missa

676 2153 881 2211 (propter
910 2153 1147 2204 Hilarium,
1186 2151 1439 2209 episcopum
1471 2151 1795 2203 Arelatensem)
1835 2152 2041 2208 imperat,
2082 2154 2131 2194 ut

676 2212 857 2255 Romani
894 2213 1075 2268 episcopi
1103 2210 1222 2265 (sive
1259 2210 1426 2267 Papae,
1465 2212 1559 2254 tum
1589 2210 1767 2262 Leonis)
1810 2211 2051 2254 auctoritati
2086 2214 2133 2253 et

705 2271 923 2328 raeceptis
970 2280 1126 2314 ceterae
1163 2285 1296 2313 omnes
1341 2269 1535 2313 ecclesiae
1566 2279 1760 2325 pareant.
1827 2269 1878 2314 In
1919 2268 2133 2326 Hispania

675 2285 992 2391 gneviyitum,
1023 2342 1137 2387 mag.
1160 2329 1264 2381 mil„
1296 2341 1445 2385 pugna
1465 2328 1647 2373 vincunt
1679 2331 1724 2373 91
1754 2328 2001 2387 provincias
2021 2328 2131 2374 Bae·

677 2389 809 2433 ticam
841 2391 887 2433 et
917 2388 1078 2433 Cartha
1112 2388 1322 2431 'niensem
1353 2387 1539 2444 turpiter
1568 2389 1755 2431 vastant.

637 2448 791 2492 Aetius
833 2447 987 2492 consul
1027 2447 1071 2491 11
1132 2459 1230 2490 cum
1262 2444 1440 2490 Aurelio
1473 2445 1736 2502 Symmacho
1766 2445 1989 2490 Britannis
2028 2458 2129 2503 sup-

678 2506 854 2564 pliciter
885 2505 1095 2551 auxilium
1135 2504 1359 2549 orantibus
1401 2503 1610 2549 adversus
1641 2504 1947 2563 populationes
1978 2503 2131 2549 Scoto-

675 2579 772 2609 rum
805 2567 849 2609 et
879 2564 1101 2610 Pictorum
1141 2563 1349 2621 denegat,
1392 2562 1561 2608 Galliae
1592 2566 1755 2609 statum
1794 2563 1879 2609 sibi
1918 2563 2132 2620 antiquio·

678 2637 770 2668 rem
800 2627 935 2669 ratus.

641 2684 745 2729 Cos.
769 2682 956 2741 Alypius
990 2684 1036 2727 et
1065 2681 1350 2735 Ardaburius,
1382 2679 1564 2738 Asparis
1594 2679 1676 2734 fil.)
1735 2680 1874 2726 Attila
1902 2680 2045 2725 denuo
2076 2681 2132 2725 ir·

677 2743 924 2799 ruptionem
953 2741 1060 2787 facit
1089 2742 1134 2785 in
1165 2740 1412 2798 provincias
1456 2740 1680 2785 orientalis
1708 2741 1900 2798 imperii,
1932 2739 2132 2784 Danubio

680 2801 954 2846 adiacentes:
989 2813 1118 2858 agros
1152 2803 1196 2844 et
1217 2798 1375 2857 oppida
1395 2798 1521 2843 foede
1544 2803 1687 2844 vastat
1708 2798 2132 2856 Constantinopolim

679 2872 834 2964 {equit}l
859 2859 1278 2964 etSThermopylas‚
1306 2858 1523 2962 gomipt?
1564 2858 1609 2902 in
1648 2859 1902 2962 stervitutem
1942 2857 2130 2902 abducit.

721 2932 770 2964 ec
836 2933 875 2974 a,
945 2931 1151 2963 uovorum
1182 2931 1274 2971 rex,
1344 2929 1451 2960 meri
1500 2930 1524 2961 e
1556 2929 1663 2961 mori
1686 2931 1751 2963 ur.

645 2978 747 3025 009.
769 2978 1079 3024 Ρο91111111911119
1112 2980 1156 3022 91
1177 2975 1332 3030 Zeno.)
1384 2975 1536 3033 Neque
1567 2989 1653 3033 pax
1684 2976 1769 3021 nisi
1801 2975 2001 3033 augendo
2032 2975 2131 3020 aub-

683 3037 796 3083 sidio
838 3051 980 3082 annuo
1021 3037 1140 3082 2100
1180 3036 1325 3094 pondo
1359 3035 1474 3087 auri,
1515 3047 1712 3093 novaque
1754 3035 1984 3091 largitione
2015 3033 2135 3079 6000

711 3097 825 3142 oudo
858 3098 1145 3155 componitur.
1209 3096 1301 3139 Hoc
1334 3093 1544 3151 obsequio
1584 3094 1857 3153 imperatoris
1888 3093 2027 3138 Attila
2056 3106 2135 3151 1191

745 3159 931 3214 quantes
971 3156 1214 3212 legationes
1255 3154 1469 3206 abutitur,
1518 3153 1622 3211 quid
1655 3153 1729 3198 uid
1779 3153 1949 3198 libitum
1989 3152 2133 3205 fuerit.

715 3219 856 3260 919119.
916 3215 1213 3259 Remittuntur
1243 3226 1341 3257 cum
1364 3213 1517 3257 Oreste
1549 3215 1594 3255 et
1622 3166 1839 3265 1111900119,
1871 3225 1895 3255 a
1927 3224 2030 3269 rege
2060 3210 2134 3255 de-

698 3275 861 3332 egatis,
902 3274 1163 3318 Maximinus
1206 3275 1250 3317 et
1280 3272 1481 3325 Priscus,
1521 3271 1653 3328 legati
1686 3271 1888 3324 Romani,
1930 3282 2040 3327 qnos
2079 3270 2135 3314 ad

682 3333 824 3378 aulam
855 3334 974 3391 regis
1006 3333 1119 3377 inter
1142 3331 1387 3376 Danubium
1417 3332 1462 3375 et
1492 3330 1718 3374 Tibiscum
1749 3342 1897 3374 amnes
1919 3329 2133 3374 admissos

683 3406 784 3438 esse
825 3406 880 3437 ex
912 3393 1051 3436 Prisci
1087 3393 1100 3435 i
1134 3391 1226 3435 sius
1269 3390 1515 3435 narratione
1554 3392 1739 3434 constat.
1803 3388 1903 3434 Mox
1943 3387 2133 3447 splendi-

682 3452 804 3496 diore
835 3451 1055 3508 legatione
1129 3450 1281 3494 natolii
1321 3452 1366 3495 et
1396 3449 1541 3494 Nomii
1580 3448 1862 3506 patriciorum
1902 3460 2012 3505 opus
2051 3451 2133 3500 est,

683 3513 731 3555 ut
785 3523 864 3555 rex
918 3509 1216 3554 coniuratione
1274 3522 1353 3567 per
1398 3508 1617 3552 Romanos
1683 3508 1790 3551 inita
1847 3507 2133 3552 exacerbatus

683 3570 891 3627 placetur.
