2392 4016
307 163 363 207 32
1010 162 1230 212 Imperium
1263 161 1517 202 Graecorum.

311 355 500 411 Legatos
531 351 631 396 Ath.
664 353 836 396 domum
873 355 1139 397 revertentes
1178 355 1373 409 sequitur
1403 353 1652 409 Philippus,
1693 353 1898 396 Thermo-

369 414 494 469 pylas
525 413 670 465 intrat,
711 425 808 455 cum
841 411 1058 456 Thebanis
1102 413 1392 469 coniungitur,
1437 414 1480 455 et
1510 412 1693 456 ultorem
1723 412 1794 455 dei
1824 425 1899 467 pa-

368 474 618 527 rentemque
658 484 706 515 se
745 471 918 515 decreto
956 470 1322 527 Amphictyonum
1361 470 1607 526 professus,
1650 471 1898 514 Phocenses

366 531 535 587 ingenti
565 531 760 576 exercitu
791 531 853 573 ita
882 533 1035 583 terret,
1075 533 1123 573 ut
1160 530 1450 585 2380110911.
1491 530 1559 572 die
1591 527 1688 583 (17.
1711 529 1820 582 Iul.)
1853 542 1899 572 se

369 590 602 633 subiiciant

311 648 496 691 Decreto
517 646 884 703 Amphictyonum
906 647 950 698 (i.
970 660 1006 690 e.
1033 647 1334 690 Thebanorum
1356 649 1400 690 et
1422 645 1749 698 Thessalorum)
1771 646 1899 689 urbes

368 706 572 750 Phocidis
604 709 774 762 praeter
803 705 922 749 Abas
956 705 1027 757 (22
1061 719 1237 749 1111111610
1271 707 1330 748 611
1352 704 1591 758 Demosth.)
1623 705 1899 748 munimentis

368 767 604 820 privantur,
637 778 744 821 gens
777 767 997 807 exarmata
1025 765 1187 820 templo
1220 764 1501 820 stipendiaria
1532 765 1773 818 subiicitur,
1806 765 1899 806 eius

336 836 340 838 ·
367 824 463 867 loco
495 825 588 879 ipse
620 823 730 866 Phil.
762 824 807 866 in
839 823 1071 866 concilium
1102 824 1319 880 Amphict.
1351 824 1559 879 recipitur

309 882 587 935 Mercenarii,
630 883 859 937 impetrato
892 895 989 926 cum
1020 882 1233 926 Phalaeco
1264 883 1400 925 libero
1433 883 1574 935 abitu,
1615 894 1716 925 mox
1745 883 1901 938 partim

254 993 256 996 Υ
369 942 413 983 111
447 941 588 994 Creta,
619 942 774 996 partim
806 942 850 983 in
883 941 996 983 bello
1029 954 1128 984 cum
1158 941 1277 984 Eleis
1309 944 1504 998 pereunt.

308 999 623 1042 Demosthenes
657 1002 762 1042 orat.
795 999 847 1041 de
878 1013 986 1054 pace
1017 1000 1164 1041 habita
1193 999 1534 1043 Atheniensibus
1565 999 1719 1042 suadet
1739 1002 1788 1042 ut
1808 1002 1903 1042 rata

248 1105 253 1113 ,Ἰ
366 1059 553 1100 habeant
583 1071 692 1113 quae
725 1058 882 1099 mutari
912 1059 1128 1112 nequeant

253 1114 256 1118 ”
313 1117 517 1158 Timoleon
549 1130 574 1158 a
606 1116 841 1159 Corinthiis
875 1115 1117 1171 Syracusas
1149 1115 1348 1168 mittitur,
1379 1115 1638 1171 Dionysium
1670 1119 1902 1171 tyrannum

368 1176 584 1218 eiecturus

307 1235 535 1290 Philippus
567 1235 696 1277 rebus
729 1206 1144 1289 Peloponnesiorum
1178 1245 1224 1275 se
1255 1233 1512 1288 interponit,
1551 1232 1683 1275 Eleos
1714 1233 1800 1275 sibi
1831 1233 1904 1275 ad-

244 1328 247 1331 .
365 1294 521 1349 iungit,
553 1293 795 1336 Messenios
819 1295 862 1335 et
880 1291 1069 1348 Argivos
1092 1292 1298 1334 adversus
1321 1291 1690 1335 Lacedaemonios
1713 1291 1906 1335 defendit

307 1352 613 1395 Demosthenis
645 1352 890 1407 Philippica
921 1352 1056 1394 altera

306 1411 363 1454 Et
392 1411 482 1453 illic
515 1413 558 1453 et
588 1412 633 1453 in
664 1410 908 1453 Acarnania
926 1410 1126 1466 Philippo
1159 1409 1440 1452 adversantur
1467 1409 1584 1463 Ath.,
1617 1410 1670 1452 de
1691 1410 1903 1452 Halonesi

365 1471 448 1512 ins.
480 1470 760 1525 possessione
792 1482 890 1512 cum
922 1482 973 1512 eo
1006 1468 1273 1512 contendunt

306 1527 548 1571 Aeschines
581 1543 606 1570 a
636 1529 930 1571 Demosthene
961 1528 1072 1570 male
1106 1529 1255 1583 gestae
1286 1528 1518 1583 legationis
1551 1530 1784 1570 accusatur

220 1612 223 1615 -
307 1588 534 1643 Philippus
565 1587 756 1643 Epirotis
789 1586 1083 1630 Alexandrum
1113 1599 1262 1642 regem
1291 1587 1475 1642 imponit

306 1647 548 1688 Aristoteles
589 1646 872 1702 philosophus
912 1646 967 1688 ad
996 1645 1291 1688 Alexandrum
1330 1645 1651 1688 adolescentem
1684 1639 1738 1688 15
1770 1656 1901 1687 anno-

365 1718 460 1747 rum
489 1705 790 1748 instruendum
818 1706 864 1747 in
894 1704 1058 1748 Maced.
1089 1707 1269 1747 vocatur
1324 1713 1326 1715 ’

306 1764 531 1819 Philippus
569 1764 616 1805 in
649 1763 834 1805 Thracia
863 1776 1066 1815 versans,
1107 1763 1208 1805 dum
1248 1775 1352 1818 opes
1396 1775 1497 1805 suas
1539 1775 1698 1818 augere
1741 1761 1900 1814 studet,

366 1835 465 1865 cum
494 1821 834 1865 Atheniensibus
867 1820 1096 1878 (Diopithe
1126 1821 1280 1876 praet.)
1312 1821 1479 1863 rixatur

306 1881 520 1937 Epicurus
554 1881 673 1924 Sami
703 1881 910 1924 nascitur.
972 1880 1278 1924 Demosthenis
1309 1880 1554 1935 Philippica
1583 1879 1713 1922 tertia

306 1940 358 1983 In
379 1940 556 1982 Euboea
575 1940 758 1982 Phocion
787 1953 858 1982 res
880 1938 1038 1985 Athen.
1070 1941 1221 1982 contra
1240 1941 1387 1994 partes
1408 1938 1693 1981 Macedonum
1715 1931 1903 1989 sustinet

310 1999 490 2042 Interim
522 1999 748 2054 Philippus
795 1998 964 2041 fortiter
999 2011 1091 2043 16111
1138 2010 1373 2054 aggressus
1412 1996 1694 2053 Cersoblepte
1734 1986 1902 2039 deiecto

367 2071 417 2100 ac
448 2070 584 2113 regno
608 2057 873 2112 Odrysarum
904 2059 1031 2113 capto
1053 2057 1306 2099 Perinthum
1337 2059 1382 2098 et
1400 2055 1661 2111 Byzantium
1682 2057 1904 2112 oppugnat

307 2116 461 2171 Itaque
493 2115 592 2158 Ath.
627 2129 725 2158 cum
754 2119 908 2171 pacem
936 2118 1108 2171 ruptam
1141 2115 1418 2167 censuissent
1448 2115 1578 2158 armis
1611 2117 1767 2170 agunt:
1801 2127 1904 2157 cum

369 2174 546 2217 Chareti
574 2187 662 2216 non
685 2175 987 2227 successisset,
1019 2174 1214 2217 Phocion
1234 2174 1480 2229 Philippum
1512 2187 1538 2216 a
1556 2173 1760 2228 Byzantii
1790 2173 1904 2215 obsi-

369 2234 496 2276 dione
530 2234 748 2276 abstinere
781 2233 899 2289 cogit

308 2292 440 2335 Locri
470 2290 748 2347 Amphissaei
781 2292 833 2334 ab
865 2289 1258 2346 Amphictyonibus
1290 2289 1526 2345 impietatis
1566 2289 1757 2331 damnati
1785 2291 1904 2344 post-

369 2364 498 2407 quam
536 2351 666 2393 armis
706 2364 731 2392 a
771 2350 988 2405 Cottypho
1026 2349 1249 2392 Pharsalio
1291 2349 1391 2404 cogi
1427 2361 1516 2390 non
1555 2351 1811 2403 potuerunt,
1859 2348 1904 2390 id

367 2410 527 2453 bellum
560 2409 796 2464 gerendum
827 2409 1026 2464 Philippo
1059 2407 1339 2450 demandatur
1370 2421 1395 2449 a
1426 2407 1611 2450 concilio
1643 2408 1767 2462 prim.
1799 2419 1900 2448 vere

308 2469 419 2512 Phil.
451 2469 594 2511 subito
625 2469 739 2510 intra
763 2467 1076 2523 Thermopylas
1099 2479 1310 2522 apparens
1331 2466 1526 2509 Elateam
1548 2469 1734 2521 occupat
1753 2478 1918 2508 mense>

369 2528 566 2583 Sciroph.
600 2525 776 2579 (Iunio)

310 2585 411 2629 Ath.
450 2586 552 2628 irati
588 2599 638 2628 ac
679 2586 764 2628 sibi
801 2584 1102 2639 communique
1141 2584 1333 2626 libertati
1369 2583 1571 2625 timentes
1613 2583 1681 2626 17.
1705 2583 1903 2638 Sciroph.

368 2645 659 2688 Demosthene
699 2645 874 2691 auctore
914 2643 1066 2686 foedus
1100 2656 1207 2686 vcum
1239 2642 1458 2685 Thebanis
1490 2642 1727 2684 ineundum
1757 2642 1903 2684 decer-

367 2706 489 2746 nunt.

313 2763 510 2818 Utrique,
551 2762 733 2804 ducibus
767 2760 950 2804 Charete
981 2763 1025 2802 et
1056 2761 1302 2816 Theagene,
1334 2773 1431 2803 cum
1462 2759 1770 2803 Macedonibus
1803 2771 1904 2801 oon-

368 2821 526 2877 ffigunt
566 2821 606 2863 7.
635 2820 859 2875 Metagitn.
893 2819 958 2871 (2.
980 2818 1192 2875 August.)
1235 2819 1291 2861 ad
1326 2819 1597 2862 Chaeroneam
1637 2821 1681 2861 et
1720 2819 1905 2873 turpiter

370 2882 616 2923 vincuntur.
665 2879 880 2921 Isocrates
914 2879 1095 2920 moritur

313 2939 364 2982 In
402 2940 632 2981 Thebanos
673 2938 865 2994 graviter
913 2937 1102 2985 consulit
1140 2937 1389 2992 Philippus.
1438 2936 1588 2979 exules
1626 2936 1904 2988 reducuntur,

374 2997 563 3041 Cadmea
591 2997 809 3053 praesidio
829 2996 1111 3039 Macedonum
1133 2996 1364 3048 obtinetur,
1398 2995 1630 3038 concilium
1649 2995 1905 3038 Βο6011011111

370 3057 550 3110 101111111,
584 3056 892 3108 Orchomenus,
926 3055 1154 3110 Thespiae,
1186 3055 1396 3096 Plataeae
1418 3054 1717 3096 restituuntur.

311 3114 601 3159 Athenienses
624 3117 825 3156 Demadis
855 3127 986 3169 opera
1016 3126 1167 3169 pacem
1200 3126 1381 3168 aequam
1410 3113 1666 3167 impetrant:
1697 3113 1813 3154 inter
1835 3124 1903 3154 so·

373 3176 466 3218 cios
498 3174 780 3217 Macedonum
811 3175 859 3215 ut
889 3173 1153 3228 recipiantur
1183 3172 1270 3228 ipsi
1299 3171 1536 3227 postulant.

316 3233 557 3276 Concilium
581 3233 844 3276 Graecorum
867 3230 1062 3274 Corinthi
1093 3232 1255 3288 agitur·
1287 3231 1508 3284 Philippus
1540 3230 1623 3272 dux
1645 3229 1741 3271 belli
1761 3237 1902 3270 contra

373 3293 524 3334 Persas
553 3293 720 3347 yerendi
751 3291 993 3333 declaratur

316 3351 405 3394 Sed
435 3363 519 3406 quo
550 3354 742 3406 tempore
774 3349 1026 3405 praemissis
1049 3347 1333 3391 Parmenione
1367 3349 1411 3390 et
1430 3345 1576 3389 Attalo
1598 3346 1759 3389 bellum
1780 3358 1902 3401 prae-

373 3413 517 3464 parat,
559 3410 819 3465 nuptiasque
861 3407 1114 3462 Cleopatrae
1152 3406 1266 3449 ffliae
1307 3419 1405 3448 cum
1442 3404 1688 3448 Alexandro
1726 3405 1907 3460 Epirota

376 3468 580 3520 celebrat,
613 3482 638 3510 a
659 3467 875 3510 Pausania
889 3466 1128 3509 Macedone
1149 3466 1343 3508 Edessae
1373 3466 1420 3507 in
1450 3465 1616 3508 theatro
1645 3463 1904 3507 interficitur

1922 317 1953 339 a.
1966 306 2050 340 Chr.
2092 308 2236 349 Olymp.

1945 587 2031 631 346
2097 586 2180 630 108
2202 586 2228 629 2

1951 821 2037 865 346

1949 1057 2036 1101 346

1951 1173 2038 1218 345

1953 1291 2041 1334 344

1955 1350 2042 1393 344

1953 1467 2041 1511 343

1951 1526 2038 1570 343

1950 1585 2037 1629 343

1951 1702 2038 1746 342

1951 1820 2038 1863 342

1951 1879 2035 1922 341

1952 1938 2040 1981 340

1949 2054 2042 2098 ’340

1953 2229 2040 2273 339

1952 2404 2038 2448 338

1953 2521 2041 2564 338

1954 2874 2041 2918 338

1953 3284 2039 3329 337

1953 3460 2039 3504 336

2103 820 2186 864 108
2208 821 2235 864 3

2101 1057 2184 1100 108
2209 1057 2236 1100 3

2102 1175 2185 1218 108
2206 1175 2234 1217 4

2106 1350 2188 1394 109
2215 1351 2234 1393 l

2104 1469 2188 1512 109
2211 1467 2238 1521 {-

2103 1527 2186 1570 109
2210 1526 2236 1569 2

2102 1586 2186 1629 109
2209 1585 2235 1628 2

2103 1703 2186 1746 109
2210 1702 2236 1745 2

2104 1879 2187 1922 109
2208 1879 2236 1921 3

2104 1938 2189 1980 110
2213 1937 2234 1980 l

2104 2054 2190 2097 110
2214 2054 2234 2096 1

2106 2229 2191 2272 110
2214 2230 2234 2271 1

2106 2403 2237 2446 1102

2106 2874 2191 2917 110
2211 2873 2238 2917 3

2103 3459 2183 3502 111
2211 3461 2232 3502 1
