2392 4016
577 224 628 261 sb
660 233 764 262 anno
802 223 876 260 101
915 233 1042 272 nsque
1072 222 1126 261 ad
1157 234 1305 262 mum
1339 235 1376 260 a.
1399 221 1494 262 Chr.
1518 223 1588 261 90.
1973 222 2054 266 107

125 379 156 401 a.
175 369 260 402 Obr.
330 378 364 402 u.
383 378 413 402 c.

515 414 728 469 regundis,
770 425 855 469 qua
885 426 1069 471 magnus
1100 413 1317 457 sociorum
1351 426 1578 466 uumerus,
1620 426 1697 470 pro
1729 414 1897 458 civibus
1931 414 2053 458 Rom.

519 485 566 516 se
607 471 871 529 gerentium,
910 473 955 516 in
995 485 1098 517 suas
1137 472 1296 529 quique
1335 472 1536 515 civitates
1578 473 1878 526 remittuntur,
1917 474 2057 517 socio·

518 544 610 575 rum
643 531 775 575 animi
806 531 1044 576 irritantur.
1112 531 1162 575 L.
1194 529 1381 575 Crassus
1421 544 1521 574 cum
1551 531 1597 574 in
1629 531 1812 587 Alpibus
1852 533 2057 589 triumphi

520 591 744 634 materiem
776 591 1034 647 quaesisset,
1066 590 1377 647 triumpharea
1397 589 1568 647 collega
1588 590 1853 647 prohibetur.
1907 591 2056 635 Asiam

517 649 631 706 regit
662 647 712 702 Q.
745 649 913 694 Mucius
945 649 1159 695 Scaevola
1187 649 1334 707 legato
1366 649 1414 693 P.
1446 649 1610 692 Rutilio
1645 648 1770 692 Ruso.

185 710 239 755 94
325 708 412 754 660
475 707 576 753 Cos.
614 708 658 751 C'.
687 709 853 752 Caelius
876 709 1042 762 Caldus,
1073 709 1202 753 homo
1233 720 1386 761 novus,
1416 709 1471 752 L.
1492 709 1702 751 Domitius
1723 708 2057 759 Ahenobarbus.)

515 767 610 811 Hoc
642 767 710 811 vel
745 768 967 825 superiore
998 780 1111 812 anno
1143 768 1338 812 nascitur
1365 767 1421 811 M.
1455 766 1564 812 Cato
1595 767 1833 812 Uticensis.

185 827 242 872 93
324 827 407 872 661
473 825 574 871 Cos.
602 826 646 869 C.
667 827 1065 880 ValeriusFlaccus,
1097 827 1161 870 M.
1183 827 1415 870 Herennius
1442 827 1559 870 victo
1580 825 1630 870 L.
1654 826 1853 884 Philippo
1885 825 2058 877 factus.)

517 885 805 942 Triumphant
824 898 880 929 ex
895 885 1136 943 Hispaniis,
1158 886 1358 930 citeriore
1377 885 1546 940 Didius,
1568 886 1773 930 ulteriore
1794 886 1842 930 P.
1858 885 2057 930 Crassus·

517 943 648 997 Quies
679 944 769 988 fere
801 947 870 989 est
900 958 926 988 a
955 945 1097 990 bellis.

182 1004 237 1050 92
319 959 405 1049 662
466 1002 568 1048 Cos.
605 1004 650 1047 0.
686 1004 886 1047 Claudius
914 1004 1106 1059 Pulcher,
1139 1005 1202 1049 M.
1223 1004 1268 1048 Ρ
1264 1020 1448 1061 erp-erum
1449 1003 1475 1055 )
1537 1003 1587 1048 L.
1618 1003 1741 1048 Sulla
1772 1017 1827 1048 ex
1857 1008 2061 1061 praetura

516 1062 854 1108 Ariobarzanem
886 1076 1034 1121 regem
1066 1063 1368 1121 Cappadociae
1400 1063 1604 1116 instituit,
1636 1075 1765 1120 quam
1796 1067 1953 1107 terram
1981 1064 2058 1107 Mi-

516 1122 728 1167 thridates
750 1123 881 1166 Ponti
909 1136 989 1167 rex
1019 1124 1252 1167 invaserat.
1309 1121 1358 1167 C.
1380 1122 1560 1167 Sentius
1591 1123 1637 1166 in
1656 1122 1911 1167 Macedonia
1941 1123 2058 1167 varie

515 1184 711 1297 {ilignatg
722 1194 903 1239 eamque
944 1183 1216 1259 provinciam
1258 1182 1517 1236 diutissime,
1557 1181 1645 1227 fere
1687 1195 1824 1239 usque
1857 1182 1925 1226 ad.
1958 1196 2057 1225 ann.

619 1254 665 1284 re
699 1241 746 1285 it.

575 1300 739 1344 Romae
770 1300 818 1344 P.
851 1300 1040 1345 Rutilius
1080 1301 1146 1345 vir
1186 1300 1430 1345 consularis
1470 1313 1521 1343 ac
1563 1313 1757 1344 summae
1794 1300 2059 1356 integritatis

517 1358 572 1403 ab
603 1360 726 1404 iratis
758 1360 980 1416 equitibus
1012 1360 1261 1413 damnatur,
1301 1373 1327 1403 a
1357 1372 1540 1416 quorum
1569 1359 1742 1403 iniuriis
1773 1359 1923 1403 Asiam
1954 1358 2059 1402 olim

519 1417 791 1462 defenderat:
834 1419 1012 1463 exilium
1044 1419 1257 1476 Smyrnae
1289 1419 1553 1475 aequissimo
1586 1419 1731 1462 animo
1763 1418 1859 1462 fert.
1929 1417 2058 1461 Cens.

520 1477 712 1521 moribus
758 1477 996 1522 dissimiles
1045 1477 1124 1523 Cn.
1165 1478 1404 1537 Domitius,
1451 1477 1502 1521 L.
1545 1477 1731 1521 Crassus
1779 1478 1963 1521 lustrum
2002 1476 2059 1520 66

518 1536 723 1580 condunt

183 1593 236 1638 91
321 1593 407 1638 663
470 1594 570 1639 Cos.
611 1596 666 1638 L.
703 1596 895 1638 Marcius
931 1595 1172 1651 Philippus,
1222 1596 1322 1639 Sex.
1369 1596 1506 1639 Iulius
1546 1594 1742 1646 Caesar.)
1810 1595 1874 1639 M
1913 1595 2061 1637 Livius

515 1655 695 1707 Drusus,
727 1655 826 1698 trib.
848 1654 922 1711 pl.,
954 1655 1126 1698 iuvenis
1158 1655 1317 1699 nobilis
1350 1657 1395 1699 et
1425 1655 1696 1707 ambitiosus,
1730 1655 1855 1698 novis
1886 1654 2058 1710 legibus

334 1714 385 1752 16
522 1713 712 1758 ferendis
742 1727 877 1770 remp.
909 1715 1146 1770 perturbat,
1178 1727 1305 1771 quam
1337 1713 1593 1758 confirmare
1624 1714 1810 1757 volebat.
1858 1713 2061 1770 Sempro-

321 1770 408 1812 Gic·
510 1773 623 1817 nias
653 1773 790 1830 leges,
830 1773 1168 1827 frumentariam,
1206 1774 1420 1831 agrariam
1450 1776 1651 1817 renovat:
1692 1774 1936 1826 iudiciaria,
1977 1786 2063 1829 qua

521 1833 707 1886 senatui,
738 1832 828 1876 300
858 1833 1078 1889 equitibus
1111 1835 1255 1886 aucto,
1286 1832 1448 1876 iudicia
1478 1833 1692 1886 restituit,
1733 1836 1961 1888 utrumque
1994 1844 2060 1875 or-

519 1890 663 1935 dinem
696 1891 892 1935 offendit:
939 1892 1041 1935 dum
1079 1891 1222 1948 legem
1253 1893 1302 1935 dc
1332 1894 1498 1935 civitate
1527 1893 1651 1935 sociis
1681 1893 1820 1934 danda
1851 1890 1948 1944 fert,
1991 1904 2062 1934 oc-

519 1950 692 2004 ciditur,
726 1951 991 2005 auctoribus,
1023 1951 1087 1994 uti
1119 1950 1326 1995 traditum
1357 1954 1439 2005 est,
1472 1950 1521 2004 Q.
1555 1950 1775 2008 Caepione
1807 1954 1851 1994 et
1881 1950 1930 1994 L.
1962 1950 2061 1994 Phi·

518 2010 636 2067 lippo
667 2022 761 2054 cos.
821 2010 965 2067 Leges
996 2010 1146 2054 Liviae
1175 2011 1262 2054 iam
1294 2011 1392 2054 vivo
1425 2011 1522 2068 ipso
1554 2010 1817 2067 abrogantur
1849 2023 1905 2053 ex
1936 2009 2021 2053 SC.

581 2068 674 2122 Quo
706 2068 820 2113 facto
854 2070 965 2113 socii
998 2069 1138 2113 Italici
1168 2070 1424 2123 coniurant,
1465 2083 1675 2114 summam
1709 2083 1851 2112 rerum
1884 2068 2063 2113 Corfinii

520 2128 749 2182 collocant,
791 2129 994 2173 consules
1035 2131 1187 2173 creant
1226 2128 1276 2182 Q.
1309 2129 1576 2186 Popaedium
1608 2128 1818 2181 Silonem,
1857 2128 2061 2182 Marsum,

520 2190 564 2230 et
610 2186 658 2231 C.
698 2187 882 2244 Papium
920 2188 1141 2241 Mutilum,
1193 2188 1453 2235 Samnitem·
1501 2197 1651 2231 autu
1691 2197 1918 2230 socians
1969 2188 2062 2231 sive

519 2241 731 2289 Mansio!
754 2259 798 2290 s.·
792 2242 1004 2290 Ιτᾼιιοι
1037 2221 1209 2291 initium
1239 2247 1406 2291 faciunt
1425 2246 1650 2299 Asculani,
1684 2246 1733 2299 Q.
1757 2247 1942 2291 Servilio
1966 2259 2063 2303 pro·

520 2317 611 2350 cos.
653 2305 888 2350 caedend0.
960 2305 1009 2359 Q.
1042 2306 1275 2364 Pompeius
1315 2320 1380 2363 pr.
1420 2319 1519 2350 cum
1559 2307 1755 2349 exercitu
1794 2318 1846 2349 eo
1886 2306 2062 2358 missus,

518 2364 756 2421 repellitur.
805 2365 968 2409 Romae
999 2366 1173 2410 interim
1207 2365 1256 2419 Q.
1279 2365 1438 2410 Varius
1469 2358 1668 2422 Hybrida
1699 2365 1796 2408 trib.
1829 2365 1893 2422 pl
1922 2365 2062 2421 legem

520 2423 572 2467 de
604 2424 832 2469 maiestate
872 2424 1081 2468 adversus
1113 2437 1190 2469 eos
1221 2424 1327 2478 fert,
1370 2438 1551 2482 quorum
1592 2437 1672 2481 ope
1714 2425 1824 2468 socii
1854 2425 2063 2468 concitati

522 2487 684 2527 essent.
757 2483 944 2528 Causam
976 2483 1128 2528 dicunt
1159 2498 1196 2527 a.
1228 2484 1367 2540 inseq.
1399 2484 1455 2527 M.
1488 2483 1703 2536 Scaurus,
1743 2483 1799 2527 M.
1831 2483 2062 2536 Antonius,

521 2541 600 2586 Cn.
633 2542 866 2600 Pompeius
907 2542 1086 2596 Strabo,
1135 2543 1180 2586 in
1225 2543 1403 2587 exilium
1442 2543 1662 2600 pelluntur
1710 2542 1759 2586 L.
1801 2541 2062 2599 Calpurnius

520 2600 691 2655 Bestia,
733 2601 781 2645 C.
814 2601 1018 2646 Aurelius
1051 2600 1200 2655 Cotta,
1240 2605 1394 2658 postea
1433 2602 1486 2646 ab
1519 2601 1643 2646 Sulla
1674 2601 1922 2655 restitutus,
1963 2602 2062 2655 alii;

521 2661 615 2717 ipse
648 2661 778 2705 etiam
811 2659 860 2713 Q.
882 2660 1054 2704 Varius.

582 2719 635 2762 H.
679 2733 717 2763 a.
757 2720 881 2763 initio
925 2719 1064 2763 Cicero
1106 2719 1303 2776 dialogos
1343 2718 1397 2762 de
1428 2721 1535 2762 orat.
1574 2719 1747 2763 habitos
1786 2717 1931 2775 fingit:
1975 2724 2062 2763 ιιιό-

523 2779 631 2821 ritur
662 2778 711 2821 L.
746 2777 931 2822 Crassus
964 2779 1038 2822 vix
1070 2778 1140 2823 50.
1175 2791 1333 2823 annum
1365 2778 1606 2835 ingressus.

187 2837 244 2882 90
325 2836 411 2881 664
474 2836 575 2880 Cos.
611 2837 662 2880 L.
693 2837 830 2880 Iulius
865 2837 1020 2881 Caesar
1049 2838 1218 2891 Strabo,
1256 2838 1308 2881 P.
1340 2837 1528 2882 Rutilius
1557 2836 1743 2893 Lupus.)
1798 2836 2062 2880 Consulibus

523 2895 684 2939 bellum
716 2895 925 2940 adversus
957 2897 1103 2941 socios
1134 2897 1394 2950 decernitur,
1431 2896 1480 2941 Ι..
1514 2896 1693 2940 Caesari
1724 2896 1933 2939 Samnium
1965 2909 2063 2938 cum

524 2954 682 3011 legatis
715 2954 850 3009 Sulla,
882 2955 932 2999 L.
967 2955 1127 3008 Cinna,
1171 2955 1220 3009 Q.
1255 2956 1432 3010 Catulo,
1472 2956 1528 2999 M.
1561 2955 1773 3007 Antonio,
1814 2956 1940 2999 alteri
1972 2968 2062 2998 cos.

339 3014 391 3052 17
528 3013 692 3058 Rutilio
723 3014 865 3058 Marsi
894 3027 992 3059 cum
1025 3015 1182 3072 legatis
1215 3014 1263 3060 C.
1295 3016 1446 3068 Mario,
1494 3014 1573 3059 Cu.
1606 3014 1829 3071 Pompeio,
1878 3014 1927 3059 C.
1961 3014 2061 3058 Per-

325 3071 411 3112 Cic.
533 3085 680 3129 perna,
711 3073 762 3127 Q.
796 3073 1028 3132 Caepione.
1104 3075 1316 3119 Libertini
1348 3077 1439 3118 tum
1471 3074 1655 3130 primum
1687 3073 1873 3117 militare
1905 3086 2059 3130 coepe-

523 3134 646 3185 runt,
687 3131 784 3177 Liv.
816 3146 884 3191 ep.
916 3133 986 3178 74.
1047 3132 1095 3177 C.
1127 3133 1346 3178 Caecilius
1377 3132 1577 3176 Metellus
1618 3145 1762 3190 propr.
1825 3133 2062 3176 revinciam

526 3190 714 3236 Galliam
740 3192 1053 3250 transalpinam
1085 3193 1292 3236 Salluviis
1333 3191 1460 3236 victis
1492 3194 1650 3236 tuetur.
1720 3191 1797 3235 Bel
1820 3205 1890 3235 um
1931 3205 2061 3249 grave

526 3253 570 3293 et
601 3250 805 3307 ancipitis
836 3255 1018 3296 eventus
1052 3253 1228 3307 geritur,
1263 3264 1361 3295 nam
1393 3250 1441 3295 Ο.
1476 3250 1695 3308 Perperna
1726 3251 1927 3303 vincitur,
1967 3251 2062 3307 ipse

525 3320 615 3353 cos.
648 3309 839 3354 Rutilius
870 3323 898 3354 a
916 3310 964 3355 P.
988 3310 1134 3354 Vettio
1159 3309 1323 3354 Catone
1355 3309 1528 3355 insidiis
1559 3310 1881 3354 circumventus
1916 3322 2064 3354 mense

526 3367 671 3421 Quint.
715 3368 947 3424 occiditur,
994 3369 1043 3422 Q.
1085 3369 1245 3425 Caepio
1294 3382 1321 3412 a
1358 3369 1621 3426 Pompaedio
1665 3369 1813 3413 Silone
1853 3369 2062 3422 caeditur,

527 3439 638 3470 ιιιιιιε
672 3426 719 3472 C.
753 3428 913 3472 Marius
952 3427 1137 3472 feliciter
1155 3430 1361 3533 pugnat,
1402 3429 1655 3485 Marsosque
1689 3427 1914 3486 profligat,
1953 3440 2062 3486 quos

525 3485 977 3591 {assisinati}
1008 3486 1506 3604 ἓῗὲἶῖἓεοηέἳωᾜὲἰιῗ
1527 3461 2062 3591 .2¹¹i¹1}’l}{.¹3.¹¹⁸332533255.‘

531 3604 808 3661 Campaniam
850 3608 1022 3649 vastant
1053 3609 1097 3649 et
1127 3606 1261 3649 Mario
1292 3605 1478 3663 Egnatio
1511 3606 1621 3649 duce
1654 3605 1703 3648 L.
1738 3605 1967 3649 Caesarem
2000 3606 2062 3649 fu-
