2392 4016
154 1108 166 1118 ⁶
236 999 730 1072 HISTORIAE
783 1000 1259 1098 ANTIQUAE
1306 997 1912 1072 CONSPECTUS.

186 1334 432 1415 Historia
460 1370 653 1427 antiqua,
684 1370 785 1414 inde
817 1384 844 1414 a
874 1371 1014 1427 prima
1044 1383 1184 1414 rerum
1210 1374 1427 1422 gestarum
1453 1371 1658 1414 memoria
1678 1371 1876 1427 repetita,
1908 1384 2045 1428 usque

109 1430 164 1474 ad
195 1429 384 1473 deletum
417 1442 571 1474 nomen
603 1430 877 1486 imperatoris
918 1435 963 1473 et
993 1430 1164 1486 imperii
1197 1429 1380 1473 Romani
1411 1430 1750 1483 (occidentalis)
1781 1431 2045 1483 extenditur,

109 1491 138 1533 i.
171 1502 208 1532 e.
241 1488 296 1531 ad
327 1502 485 1532 annum
519 1493 620 1544 post
652 1488 750 1532 Chr.
785 1493 870 1532 nat.
903 1487 1004 1532 476.

231 1547 360 1591 Initia
397 1560 627 1604 regnorum
671 1551 715 1590 et
753 1549 976 1591 civitatum
1017 1546 1107 1591 fere
1147 1547 1338 1591 omnium
1379 1549 1566 1592 obscura
1602 1552 1726 1601 sunt,
1766 1548 1845 1592 sed
1875 1562 1931 1592 ex
1960 1561 2046 1605 quo

111 1608 271 1652 certior
312 1607 519 1652 historiae
563 1607 638 1650 lux
669 1612 764 1650 orta
795 1612 884 1660 est,
926 1612 1096 1664 praeter
1135 1608 1333 1651 nationes
1366 1609 1496 1651 rudes
1530 1613 1658 1664 atque
1690 1609 1901 1660 incultas,
1943 1611 2047 1651 tria

111 1668 298 1711 maxime
331 1667 523 1722 gentium
556 1679 717 1724 genera
753 1671 797 1710 et
827 1669 1048 1722 imperia
1085 1667 1434 1724 distinguuntur,
1473 1667 1726 1721 Persarum,
1768 1667 2046 1720 Graecorum,

110 1727 416 1771 Romanorum.

233 1785 449 1828 Persarum
481 1785 706 1840 imperium
730 1785 879 1828 Asiam
914 1786 958 1836 (i.
991 1798 1026 1827 e.
1061 1785 1390 1836 occidentalem,
1422 1798 1532 1840 quae
1566 1786 1660 1828 sola
1691 1786 1734 1828 in
1768 1786 1879 1828 hunc
1903 1798 2050 1829 reeen-

114 1857 209 1888 sum
243 1845 377 1896 venit)
410 1849 454 1887 et
484 1845 746 1900 Aegyptum,
779 1845 963 1900 populos
996 1848 1123 1887 antea
1155 1846 1223 1887 sui
1255 1845 1375 1895 iuris,
1409 1845 1750 1901 comprehendit.
1804 1845 2049 1887 Graecorum

114 1904 358 1960 imperium,
403 1903 518 1959 quod
550 1908 750 1955 vocatur,
790 1904 948 1946 liberas
982 1902 1191 1946 Graeciae
1223 1904 1423 1946 civitates
1465 1910 1509 1946 et
1539 1916 1720 1958 regnum
1753 1903 2051 1955 Macedonum,

116 1966 219 2019 post
251 1963 407 2006 Persas
439 1963 634 2005 devictos
666 1963 710 2006 in
744 1962 849 2006 Asia
881 1962 1207 2014 dominantium,
1248 1962 1326 2006 sed
1359 1962 1487 2019 paulo
1521 1967 1622 2018 post
1652 1964 1697 2006 in
1730 1964 1871 2006 varias
1905 1967 2051 2019 partes

116 2021 404 2078 discerptum,
445 2021 652 2065 continet.
715 2021 990 2064 Romanorum
1022 2021 1208 2079 denique
1240 2022 1467 2078 imperium
1500 2022 1707 2078 paulatim
1748 2034 1881 2078 super
1912 2023 2052 2078 ipsam

117 2080 344 2124 Graeciam
386 2083 430 2123 et
468 2080 764 2124 Macedoniam
804 2085 848 2124 et
887 2082 1092 2124 maiorem
1132 2085 1297 2138 partem
1338 2093 1485 2123 earum
1527 2085 1758 2133 terrarum,
1800 2094 1910 2136 quae
1947 2081 2053 2123 oiim

113 2140 282 2192 Persis,
321 2143 422 2196 post
452 2139 761 2184 Macedonibus
808 2140 1032 2183 subiectae
1079 2145 1225 2192 erant,
1265 2140 1607 2183 extendebatur:
1651 2140 1809 2196 quibus
1841 2153 1940 2183 cum
1979 2140 2053 2183 ad-

114 2199 230 2242 iecta
270 2203 389 2242 esset
419 2198 567 2242 Africa
606 2202 650 2242 et
679 2198 880 2255 Europae
918 2211 1019 2255 pars
1053 2199 1361 2253 occidentaliS,
1401 2203 1520 2243 totus
1553 2199 1672 2243 orbis
1704 2203 1940 2253 terrarum,
1978 2199 2054 2255 qui

115 2258 289 2310 dicitur,
322 2257 527 2302 Romanis
559 2258 753 2314 parebat.
1406 2284 1409 2287 -

234 2316 383 2360 Prima
413 2316 548 2371 igitur
586 2330 687 2374 pars
719 2316 927 2360 historiae
965 2316 1168 2372 antiquae
1211 2317 1459 2361 continetur
1497 2317 1679 2374 imperio
1711 2316 1955 2370 Persarum,
1993 2315 2056 2359 ita

115 2378 165 2419 ut
194 2376 380 2432 primum
412 2376 595 2428 historia
615 2376 811 2433 gentium
833 2376 899 2419 illi
919 2376 1229 2428 subiectarum,
1262 2376 1405 2432 quoad
1426 2377 1495 2420 sui
1516 2377 1622 2420 iuris
1646 2379 1783 2429 erant,
1816 2378 2053 2427 enarretur,

115 2437 207 2478 tum
238 2435 373 2479 totius
406 2436 577 2493 imperii
608 2436 697 2479 fata
728 2438 1014 2492 exponantur.
1074 2434 1295 2479 Petebant
1330 2439 1472 2479 autem
1513 2436 1607 2492 regi
1638 2436 1868 2479 Persarum
1901 2438 2054 2491 gentes

117 2491 319 2550 (quarum
352 2493 527 2551 quidem
558 2508 629 2539 res
660 2499 811 2552 gestae
843 2494 1125 2551 singulariter
1155 2495 1385 2538 memoriae
1417 2495 1542 2551 prodi
1574 2496 1747 2551 possint
1781 2507 1831 2538 ac
1853 2493 2055 2544 debeant)

115 2553 216 2596 hae:
257 2554 477 2610 Aeyyptii,
519 2553 762 2608 Phoenices,
801 2554 964 2606 Iudaei,
996 2554 1110 2610 Lydi
1141 2566 1240 2597 cum
1272 2555 1430 2598 ceteris
1462 2554 1666 2611 gentibus
1698 2554 1830 2597 Asiae
1863 2554 2056 2605 minoris,

114 2613 298 2669 Assyrii,
340 2612 591 2670 Babylonii,
634 2614 772 2667 Medi,
803 2613 891 2670 ipsi
923 2614 1088 2656 Persae.
1150 2612 1302 2669 Neque
1334 2626 1435 2656 vero
1467 2613 1695 2670 quisquam
1727 2616 1866 2670 putet,
1898 2612 2056 2656 iustam

118 2671 336 2728 quandam
376 2672 603 2716 historiam
641 2672 794 2716 harum
832 2673 1028 2730 gentium
1067 2674 1111 2715 et
1148 2672 1319 2729 imperii
1351 2672 1540 2726 Persici,
1581 2672 1662 2715 sub
1694 2684 1780 2728 quo
1813 2675 1968 2728 postea
1998 2670 2057 2713 la·

118 2733 311 2783 tuerunt,
344 2730 534 2776 describi
562 2744 709 2789 posse,
741 2744 837 2776 cum
871 2735 1043 2788 praeter
1064 2730 1319 2775 Iudaeorum
1352 2731 1486 2775 libros
1516 2743 1666 2775 sacros
1690 2735 1931 2774 ceterarum
1955 2742 2058 2785 geu·

117 2789 226 2833 tium
258 2789 503 2846 fragmenta
532 2791 700 2835 tantum
730 2791 952 2844 historiae,
991 2804 1017 2834 a
1049 2789 1230 2836 Graecis
1262 2790 1517 2848 Latinisque
1550 2790 1838 2847 scriptoribus
1871 2793 2057 2840 servata,

117 2848 379 2903 habeamus,
422 2862 478 2893 ex
509 2849 667 2907 quibus
698 2851 774 2907 qui
803 2849 1028 2894 historiam
1061 2861 1320 2906 componere
1354 2850 1579 2902 studeant,
1623 2850 1722 2906 plus
1755 2862 1835 2893 sno
1866 2848 2059 2904 ingenio,

118 2920 248 2964 quam
278 2921 422 2951 rerum
454 2906 557 2953 fidei
585 2909 779 2954 tribuant
807 2921 992 2953 necesse
1024 2911 1104 2953 est.
1159 2909 1309 2966 Itaque
1342 2922 1419 2967 pro
1453 2914 1603 2954 nostra
1636 2909 1817 2960 ratione,
1849 2920 1947 2951 cum
1969 2919 2059 2949 cer·

29 3018 31 3023 ⁴
117 2969 208 3010 tam
239 2980 382 3010 rerum
417 2970 637 3023 gestarum
667 2968 917 3013 memoriam
950 2968 1211 3025 consignare
1244 2969 1370 3012 nobis
1396 2969 1766 3026 proposuerimus,
1799 2967 1985 3011 laceram
2010 2977 2060 3008 ac

121 3026 348 3071 disiectam
383 3026 493 3070 hanc
524 3027 731 3073 historiae
762 3027 965 3084 antiquae
997 3030 1163 3084 partem
1197 3027 1333 3071 videri
1366 3040 1547 3072 neeesse
1580 3031 1661 3080 est,
1693 3027 1820 3071 cuius
1847 3026 1911 3070 rei
1932 3024 2061 3080 culpa

120 3097 208 3131 non
241 3088 311 3130 est
339 3085 386 3129 in
419 3085 559 3140 nobis,
591 3086 671 3131 sed
699 3087 746 3132 in
775 3087 874 3143 ipsa
903 3087 1099 3144 gentium
1130 3087 1352 3131 memoria.

921 3318 1256 3328 ——--—-—
