2392 4016
149 361 288 397 mohs.
346 368 430 394 u.e.

180 759 267 805 237

179 1407 267 1454 235
310 1475 313 1480 .

181 1494 267 1571 234

176 1998 264 2044 232

174 2234 258 2280 231

175 2883 266 2930 280

342 756 433 804 w

281 838 435 922 4518

469 752 473 756 ⁴
497 756 530 802 O

592 211 645 253 ab
676 224 784 253 anno
815 209 966 253 a-Ohr.
1000 210 1086 253 246
1116 222 1246 263 nsque
1277 213 1331 252 ad
1361 225 1511 253 annum
1545 213 1644 253 229.
2027 212 2083 260 81

543 402 931 448 Tumultuantibus
953 402 1392 462 Carthaginiensibus
1424 404 1586 448 bellum
1607 404 1792 450 Romani
1819 406 2087 460 minitantur,

540 467 629 519 quo
659 460 722 515 fit,
753 465 810 506 ut·
831 462 911 516 illi,
945 463 1075 507 rebus
1106 463 1155 507 in
1174 462 1324 507 Africa
1345 462 1536 507 nondum
1568 464 1676 507 satis
1699 466 1970 522 compositis,
2001 478 2087 510 non

448 536 463 539 ’·
544 520 687 566 solum
721 521 846 565 Sard.
880 525 926 566 et
947 521 1394 574 Corsica¹abstinere,
1429 521 1508 566 sed
1537 522 1668 565 etiam
1705 522 1819 567 1200
1839 525 2003 569 talenta
2032 525 2088 569 ad

541 579 752 624 tributum
782 580 978 625 adiicere*
1002 581 1228 639 cogantur.
1282 580 1548 639 Compositis
1578 583 1723 626 autem
1754 582 1926 627 Africae
1956 584 2087 629 rebus

466 662 469 668 ·
542 637 834 683 Hamilcarem
870 640 919 684 in
956 638 1213 698 Hispaniam
1242 640 1436 684 mittunt.
1495 641 1553 685 Π.
1587 639 1697 685 Cato
1739 643 1956 696 nascitur,
1998 655 2087 687 sec.

543 697 660 742 Livii
689 700 898 753 rationes,
930 711 1019 743 sec.
1054 698 1145 744 Cic.
1177 710 1278 744 ann.
1310 698 1413 744 234.

534 769 598 801 08.
630 757 685 800 L.
713 758 923 802 Cornelius
951 758 1118 802 Lmtul.
1150 759 1337 813 Gaudia„
1390 758 1441 809 Q.
1473 759 1644 803 sturiae
1672 760 1849 803 Flacca
1878 759 2087 804 adversus

452 841 453 845 =
542 815 695 861 Gallos
727 820 772 861 et
802 817 997 875 Ligures
1018 818 1182 862 bellum
1213 820 1384 878 gerunt.

493 874 597 920 008.
634 875 679 919 Ρ.
706 876 917 920 Cornelius
946 877 1109 920 Lentul.
1138 877 1327 931 Gaudia„
1364 877 1409 920 C.
1438 877 1628 921 Licinius
1664 878 1837 930 Varus.)
1893 878 1991 923 Boii
2021 892 2087 922 ar·

541 936 704 980 cessito
725 936 1093 993 transalpinorum
1116 936 1342 982 Gallorum
1364 937 1560 983 exercitu
1589 950 1740 995 agrum
1767 938 2087 982 Ariminensem

544 1004 591 1039 re
651 998 828 1039 scunt-a
851 995 1076 1050 Romanis,
1098 996 1178 1040 sed
1197 996 1301 1040 dum
1323 996 1459 1054 legati
1479 997 1711 1040 mittuntur
1731 1001 1776 1040 et
1796 990 2088 1051 remittuntur,

545 1054 708 1099 belum
738 1055 853 1098 inter
882 1055 1004 1112 ipsos
1037 1054 1188 1100 Gallos
1220 1056 1371 1109 oritur,
1402 1059 1447 1100 et
1475 1056 1734 1114 transalpini
1765 1056 1917 1101 domos
1948 1057 2088 1101 redire

543 1117 774 1171 coguntur,
806 1117 899 1158 tum
921 1114 1057 1168 Boiis,
1089 1114 1205 1172 quod
1236 1115 1578 1172 postulaverant,
1610 1114 1864 1175 denegatur.
1913 1116 1960 1160 P.
1977 1117 2089 1161 Len-

540 1173 620 1217 tul.
653 1172 862 1230 Ligures,
911 1171 960 1217 G.
992 1173 1142 1217 Licin.
1166 1173 1328 1218 Corsos
1358 1174 1474 1219 bello
1507 1175 1678 1232 premit.
1741 1175 1890 1229 Sardi,
1929 1176 2088 1220 Poenis

546 1232 659 1276 clam
690 1232 1034 1286 adhortantibus,
1063 1233 1289 1277 rebellant.

612 1290 744 1335 Gens.
776 1291 825 1335 L.
859 1290 1088 1336 Cornelius
1118 1292 1332 1337 Lentulus
1365 1291 1603 1346 Caudinus,
1635 1291 1685 1345 Q.
1716 1292 1917 1338 Lutatius
1951 1293 2088 1339 Cerco

547 1349 594 1393 in
625 1362 740 1407 mag.
772 1354 983 1395 mortuus.
1044 1349 1158 1395 Ludi
1189 1352 1437 1396 saeculares
1467 1352 1587 1395 tertii
1619 1348 1905 1396 celebrantur.

346 1408 436 1454 519
467 1402 469 1405 ¹
498 1406 600 1454 Cos.
642 1409 689 1452 T.
722 1410 911 1453 Manlius
947 1410 1196 1465 Torquatus,
1247 1411 1292 1454 C.
1331 1411 1489 1454 Atilius
1518 1410 1685 1454 Bulbus
1714 1411 1805 1462 ΙΙ.)
1873 1412 2025 1456 Sardis
2063 1426 2090 1456 a

346 1526 435 1571 520

344 1762 427 1808 521

344 1999 431 2044 522

345 2234 432 2282 523

345 2883 431 2929 524

496 1526 529 1572 G

541 1467 595 1511 T.
627 1469 787 1512 Manlio
818 1468 960 1513 denuo
992 1469 1201 1526 subactis,
1234 1470 1362 1513 Ianus
1392 1471 1534 1513 iterum
1565 1471 1783 1513 clauditur.

533 1540 596 1571 os.
629 1528 684 1571 L.
706 1528 940 1571 Postumius
967 1529 1157 1584 Albinus,
1190 1529 1266 1585 Sp.
1306 1529 1512 1572 Carvilius
1542 1529 1765 1572 Maximus.
1769 1530 1793 1580 )
1846 1528 1955 1573 Cum
1988 1529 2089 1575 Sar-

543 1585 627 1640 dis,
665 1585 831 1640 Corsis,
869 1587 1105 1643 Liguribus
1135 1588 1336 1632 bellatur.
1400 1587 1673 1632 clandestini
1704 1589 1854 1631 harum
1884 1588 2089 1632 defectio·

500 1658 501 1662 ¹
543 1657 647 1689 num
678 1649 880 1690 auctores
914 1645 1300 1704 Carthaginienses
1332 1659 1420 1692 non
1450 1648 1611 1692 iniuria
1641 1647 1867 1691 habentur.

493 1999 526 2044 G

606 1704 740 1749 Gens.
773 1705 821 1750 O.
854 1705 1230 1760 AtiliusBulbus,
1263 1706 1589 1751 A.'P0stumius
1611 1706 1811 1759 Albinus,
1843 1707 1967 1750 lustr.
1985 1707 2058 1751 40.

450 1788 453 1791 *
493 1763 594 1808 Cos.
622 1764 672 1814 Q.
695 1753 854 1807 Fabius
889 1765 1008 1808 Max.
1030 1765 1288 1820 Verrucosus,
1321 1764 1406 1810 Μ’.
1427 1766 1674 1822 Pomponius
1694 1765 1882 1817 Maelio.)
1934 1765 1983 1819 Q.
2009 1767 2090 1810 Fa·

539 1823 638 1868 bius
668 1824 715 1866 in
746 1823 953 1880 Ligures,
985 1821 1054 1868 Μ’.
1078 1825 1229 1881 Pomp.
1261 1826 1309 1868 in
1339 1824 1502 1870 Sardos
1535 1824 1650 1868 bella
1679 1828 1836 1881 gerunt
1866 1838 1917 1868 ac
1949 1825 2002 1868 de
2034 1826 2088 1869 iis

540 1883 827 1985 ffumphann
868 1884 1064 1928 accusati
1096 1883 1482 1942 Carthaginienses
1513 1884 1600 1929 iam
1629 1883 1819 1928 ferocius
1856 1897 1903 1928 se
1935 1897 2087 1942 gerere

588 1942 770 1999 cipiunt.

530 2012 595 2044 os.
627 2001 690 2045 M.
711 2001 911 2044 Aemilius
940 2001 1138 2058 Lepidus,
1171 2001 1234 2045 M.
1256 2001 1472 2045 Publicius
1492 2001 1716 2045 Malleolus
1746 2003 1874 2046 ambo
1908 2003 1952 2046 iu
1987 2003 2087 2047 Sar-

544 2059 663 2104 dinia
691 2070 782 2104 rem
814 2063 993 2116 gerunt,
1033 2060 1111 2104 sed
1141 2061 1303 2119 praeda
1332 2060 1615 2105 redeuntibus
1647 2075 1673 2104 a
1705 2061 1858 2105 Corsis
1891 2063 2085 2118 eripitur.

544 2117 594 2163 C.
633 2118 896 2172 Flaminius,
943 2120 1041 2164 trib.
1081 2120 1245 2176 plebis,
1286 2120 1428 2177 legem
1467 2119 1552 2164 fert
1598 2120 1651 2163 de
1692 2132 1798 2175 agro
1841 2121 2002 2165 Piceno
2045 2126 2089 2166 et

540 2176 726 2232 Gallico,
758 2178 910 2222 eiectis
944 2178 1207 2232 Senonibus,
1239 2179 1402 2224 viritim
1433 2179 1552 2236 plebi
1583 2178 1832 2222 dividendo.

497 2235 598 2281 008.
621 2236 685 2280 Μ.
709 2237 955 2292 Pomponius
974 2238 1137 2291 Matho,
1174 2238 1219 2280 C'.
1243 2237 1443 2294 Papirius
1463 2237 1628 2290 Maso.)
1668 2238 1722 2281 M.
1748 2238 1899 2295 Pomp.
1923 2238 2085 2282 Sardos

485 2302 487 2306 ’
539 2296 587 2340 in
625 2296 844 2340 montibus
885 2296 1058 2341 abditos
1096 2298 1374 2355 persequitur
1414 2296 1624 2351 (canibus
1666 2310 1771 2340 usus
1813 2298 1857 2341 in
1899 2310 1951 2341 eo
1983 2298 2085 2341 belli

493 2885 527 2929 C

543 2354 734 2414 genere),
768 2354 816 2399 G.
835 2355 1050 2413 Papirius,
1082 2370 1240 2414 magna
1271 2369 1369 2401 cum
1401 2356 1604 2400 molestia
1635 2355 1784 2399 Corsis
1819 2357 1874 2400 ad
1905 2357 2087 2401 deditio·

542 2427 641 2458 nem
673 2414 865 2468 adactis,
904 2415 1071 2472 primus
1111 2415 1158 2459 in
1196 2418 1345 2459 monte
1377 2415 1548 2460 Albano
1587 2416 1837 2472 triumphat.
1873 2438 1927 2445 —
1960 2416 2013 2459 Η.
2048 2430 2084 2459 a.

544 2472 601 2524 0.
626 2472 817 2518 Nae'vius
849 2474 978 2531 poeta
1010 2474 1179 2519 fabulas
1210 2475 1372 2532 populo
1412 2474 1515 2518 dare
1548 2474 1707 2531 coepit,
1749 2478 1792 2517 et
1823 2475 2010 2532 primum
2041 2476 2085 2519 in

544 2531 650 2576 urbe
681 2533 913 2577 divortium
944 2533 1107 2577 factum
1138 2533 1324 2579 traditur
1355 2546 1395 2577 a.
1427 2533 1458 2577 S
1492 2565 1502 2576 .
1537 2532 1727 2577 Carvilio
1761 2533 1887 2589 Ruga
1918 2534 2010 2584 (alii
2040 2534 2086 2577 id

543 2604 656 2636 anno
678 2591 765 2635 227
797 2592 1012 2636 accidisse
1045 2591 1264 2646 narrant),
1297 2592 1422 2636 cuius
1480 2604 1521 2649 p.
1545 2590 1724 2636 Carvilii
1756 2591 1937 2636 libertus
1962 2593 2086 2636 scho-

542 2650 628 2694 lam
659 2651 985 2708 grammaticam
1017 2652 1242 2708 aperuisse
1274 2649 1471 2695 traditur.

605 2708 792 2754 Comitia
810 2709 1023 2753 habentur
1043 2723 1069 2752 a
1090 2710 1139 2752 C.
1158 2709 1303 2754 Duilio
1325 2709 1445 2762 dict„
1469 2707 1517 2754 C.
1535 2707 1712 2752 Aurelio
1737 2708 1866 2753 Cotta
1886 2723 1997 2768 mag.
2015 2722 2083 2767 eq.

605 2767 744 2870 0εὲιῶ
768 2767 817 2811 C.
841 2767 1027 2812 Manlius
1052 2768 1314 2826 Torquatus,
1347 2766 1397 2822 Q.
1421 2766 1602 2812 Fulvius
1625 2767 1811 2812 Flaccus
1842 2769 1948 2812 vitio
1980 2768 2085 2813 iacti

745 2827 928 2871 icarunt.

531 2897 595 2930 os.
627 2885 691 2928 M.
723 2885 922 2929 Aemilius
941 2885 1150 2939 Barbula,
1201 2885 1263 2929 M.
1296 2886 1440 2930 Iunius
1472 2886 1581 2930 Pam
1612 2886 1739 2931 ambo
1770 2886 1865 2929 adv.
1899 2886 2083 2943 Ligures

545 2943 764 2989 exercitus
797 2943 975 2989 ducunt.

603 3001 713 3047 Gum
744 3002 884 3060 Illyrii
926 3005 972 3048 et
1009 3003 1210 3061 privatim
1247 3005 1292 3048 et
1329 3003 1503 3061 publice
1543 3003 1587 3047 in
1619 3002 1726 3046 mari
1758 3003 2082 3059 praedarentur,

542 3063 588 3105 et
616 3061 747 3107 urbes
771 3061 963 3107 Graecas
996 3062 1246 3107 adiacentes
1278 3063 1453 3119 impune
1485 3061 1736 3118 diriperent,
1768 3062 1998 3106 mittuntur
2027 3061 2083 3105 ad

545 3119 743 3175 Teutam,
805 3134 886 3165 uae
918 3133 996 3179 pro
1029 3122 1194 3166 Pinneo
1226 3120 1315 3165 tilio
1347 3124 1438 3164 tum
1471 3120 1592 3177 genti
1624 3119 1912 3176 imperitabat,
1950 3121 2083 3178 legati

544 3176 593 3222 0.
627 3181 673 3223 et
701 3177 752 3224 1..
822 3181 1070 3233 oruncanii,
1141 3191 1292 3223 uorum
1333 3178 1516 3223 alterum
1555 3179 1707 3236 regina
1737 3179 1995 3234 superbiens
2027 3179 2082 3223 ob

545 3236 788 3283 libertatem
826 3238 1002 3296 linguae
1043 3239 1087 3282 in
1136 3239 1275 3282 tinere
1314 3236 1666 3282 Interticieudum
1693 3242 1828 3280 curat.
1891 3238 2082 3295 Quapro-

543 3297 641 3352 pter
671 3297 717 3340 et
745 3295 891 3355 legato
923 3300 1068 3342 statua
1098 3297 1143 3341 in
1175 3296 1268 3341 foro
1299 3296 1498 3354 ponitur,
1537 3299 1582 3340 et
1614 3297 1756 3340 uuum
1788 3297 1880 3339 adv.
1915 3297 2085 3354 Ithn‘oe

544 3355 783 3399 decernitur.

605 3412 822 3459 Censores
852 3412 903 3467 Q.
935 3413 1098 3458 Fabius
1129 3412 1343 3458 Maximus
1366 3411 1662 3466 Verrucosus,
1709 3413 1764 3456 u.
1797 3412 2081 3471 Sempronius

547 3470 791 3517 Tuditanus
822 3472 1017 3518 condunt
1045 3472 1170 3517 lustr.
1199 3471 1272 3517 41.

181 3530 268 3575 229
350 3530 437 3576 525
499 3529 599 3575 Cos.
633 3531 685 3575 1..
719 3531 950 3576 Postu-ius
988 3531 1163 3575 Albinus
1195 3531 1265 3585 11,
1317 3530 1387 3575 Cb.
1420 3531 1591 3575 stabius
1632 3530 1891 3574 Centumalus
1921 3530 2080 3575 bellum

547 3588 664 3648 lllyr.
698 3593 812 3635 terra
849 3591 1041 3647 marique
1080 3591 1281 3635 celeriter
1319 3592 1490 3647 gerunt.
1553 3588 1812 3646 Corcyram,
1852 3588 2082 3633 adiuvante

1690 3663 1714 3702 6
