2392 4016
707 268 876 319 Assyrii.
908 268 1142 320 Babylonii.
1172 270 1295 311 nodi.
1328 271 1487 313 Persae.
2034 278 2061 321 ‘1

0 351 5 413 ’ὅ

0 424 4 538 ἑ
129 459 272 516 Regni
301 460 499 516 potentia
526 460 629 516 post
657 458 776 504 illius
807 463 991 504 mortem
1011 462 1099 506 cito
1119 461 1342 506 minuitur.
1397 463 1728 511 Evilmerodach
1762 422 1889 466 ‘'Cb''
1917 423 2062 467 Oly-⁹⁴

0 560 3 594 ᾗ
187 531 266 575 per
284 517 1266 624 §tilezssssussnmffggigligeu’ugiffgssffisszm
1300 534 1447 579 gener,
1479 523 1725 579 Nitocridie‚

0 595 4 622 ψ
125 580 373 680 Ναιὶῖτπῖίαῖ
403 610 683 693 (ᾗαϋγηοωᾶ
711 591 783 695 gp.
816 591 975 682 {liei-od.
1008 613 1247 684 Nitocridis
1278 639 1419 693 filius)
1450 642 1630 687 ultimus
1660 656 1727 687 re-

186 708 290 753 gum
317 695 474 753 Babyl.
506 709 532 740 a
563 694 679 753 Cyro
710 697 867 752 victus,
897 698 1098 755 Babylon
1129 700 1299 757 capitur
1812 702 1913 764 538θ
1961 704 2062 749 603

799 843 842 888 7.
906 839 1051 889 Mam.

125 929 349 976 Medorum
368 942 460 974 ¹sex
487 931 628 976 tribus
659 931 856 989 Assyriis
887 934 1096 977 serviunt.

125 989 194 1033 Ab
224 988 421 1047 Assyriis
453 989 675 1046 deficiunt,
705 991 917 1049 liberique
947 1005 999 1036 ac
1031 994 1101 1037 sui
1130 994 1238 1038 iuris
1269 997 1418 1051 agunt.

122 1049 304 1092 Detocen
334 1062 482 1106 regem
503 1054 683 1105 creant,
714 1052 790 1108 qui
819 1051 1043 1096 Ecbatana
1071 1054 1212 1097 munit
1531 1056 1650 1099 circa
1679 1070 1718 1100 a.
1810 1058 1899 1103 710

125 1107 336 1153 Succedit
363 1108 429 1152 illi
458 1110 696 1164 Plaraortes,
734 1111 810 1167 qui
840 1111 987 1155 Persis
1020 1115 1148 1169 atque
1181 1113 1278 1156 aliis
1309 1113 1517 1171 deinceps
1549 1115 1723 1172 populis

184 1168 394 1228 subiectis
425 1169 654 1226 imperium
685 1170 907 1214 Medorum
937 1171 1100 1224 condit,
1132 1171 1186 1215 ab
1218 1186 1256 1215 a.
1809 1176 1897 1222 688

123 1228 319 1268 Herodot.
350 1228 384 1277 1,
422 1230 503 1268 180
544 1242 634 1269 cum
666 1230 808 1269 Medos
847 1242 920 1280 per
961 1233 1042 1270 128
1085 1244 1211 1271 annos
1250 1233 1464 1281 imperium
1500 1234 1625 1273 Asiae
1663 1240 1724 1275 te-

181 1288 319 1327 nuisse
338 1289 487 1337 tradat,
521 1293 584 1328 tot
602 1301 731 1328 annos
757 1290 888 1329 tribus
908 1291 1072 1339 regibus
1095 1292 1292 1340 Pbraorti,
1325 1291 1516 1343 Cyaxari,
1549 1294 1724 1345 Astyagi

181 1347 372 1387 tribuerit
399 1359 563 1387 neeesse
603 1353 676 1388 est.
730 1348 875 1399 Itaque
905 1349 1092 1389 Phraorti
1123 1352 1353 1390 ascribendi
1391 1356 1487 1390 sunt
1525 1354 1579 1391 5⁸
1612 1355 1722 1402 anni,

181 1407 252 1456 qui
286 1407 330 1445 in
358 1407 478 1447 editis
507 1408 812 1458 exemplaribus
842 1409 986 1448 Deioci
1017 1411 1263 1460 tribuuntur,
1302 1411 1446 1450 Deioci
1477 1417 1619 1452 contra
1651 1414 1720 1452 22.

122 1493 285 1537 Ninum
317 1494 467 1539 urbem
498 1493 703 1538 obsidens
733 1495 924 1539 vincitur
957 1509 1007 1540 ac
1037 1497 1152 1553 perit
1811 1499 1898 1545 635

127 1552 339 1610 cyaxares
368 1553 410 1597 ei
441 1554 638 1598 succedit
666 1554 917 1599 bellicosior
948 1556 1077 1599 etiam
1109 1559 1247 1613 patre.
1300 1556 1382 1600 Cui
1411 1557 1574 1602 Ninum
1606 1559 1722 1603 obsi·

182 1611 303 1656 denti
333 1614 585 1669 supervenit
605 1613 867 1671 Scytharum
899 1616 1118 1660 exercitus
1151 1615 1407 1660 Cimmerios
1438 1630 1722 1675 persequens,

182 1674 227 1715 et
255 1684 333 1729 per
362 1670 421 1716 28
450 1685 588 1717 annos
618 1673 664 1717 in
695 1674 802 1717 Asia
832 1673 1078 1718 dominatur
1107 1688 1246 1732 usque
1277 1675 1333 1719 ad
1363 1689 1401 1719 a.
1808 1674 1894 1718 607

124 1729 234 1775 Cum
263 1730 441 1788 Alyatte
470 1745 575 1789 rege
595 1731 818 1789 Lydorum
849 1733 1011 1778 bellum
1032 1735 1159 1791 gerit,
1190 1735 1270 1780 sed
1289 1736 1430 1792 pactis
1451 1734 1532 1779 filii
1553 1736 1716 1793 nuptiis

180 1802 279 1833 cum
309 1789 518 1847 Aryenni‚
547 1790 740 1848 Alyattis
770 1791 873 1848 filia,
905 1795 1127 1851 componit
1318 1812 1320 1814 ·
1809 1792 1897 1838 610

125 1848 303 1906 Scythis
335 1850 530 1906 expulsis
562 1864 660 1895 cum
691 1851 948 1908 Babyloniis
979 1853 1238 1897 coniunctus
1270 1852 1432 1897 Ninum
1463 1853 1619 1898 evertit
1807 1850 1893 1896 606

124 1908 232 1952 Post
259 1922 443 1965 regnum
472 1910 532 1955 40
563 1924 772 1955 annorum
803 1914 972 1956 mortuo
1004 1913 1202 1956 succedit
1231 1913 1439 1969 Astyages
1807 1909 1895 1956 595

124 1967 169 2012 Is
200 1981 227 2011 a
257 1967 373 2025 Cyro
404 1973 562 2027 nepote
592 1971 736 2015 victus
758 1971 883 2015 vivus
913 1972 1096 2029 capitur,
1125 1971 1349 2016 Medorum
1369 1971 1639 2029 principatus
1662 1969 1719 2014 ad

182 2026 341 2072 Persas
371 2028 631 2074 transfertur
1804 2026 1891 2074 559
1951 2027 2050 2075 551

191 2284 257 2334 11.
324 2282 593 2335 PERSAE
626 2285 972 2338 IMPERIUM
1004 2286 1211 2339 ASIAE
1245 2283 1718 2338 EXERCENTES.

121 2418 283 2463 Persae
313 2417 416 2462 olim
444 2417 584 2463 Medis
613 2423 789 2476 parent,
830 2434 857 2465 a
886 2421 1096 2467 Phraorte
1128 2422 1337 2477 subiecti,
1378 2422 1454 2480 qui
1482 2419 1720 2466 Achaeme·

178 2490 279 2522 nem
307 2477 364 2522 iis
394 2477 616 2535 praefecit.

27 2599 33 2613 “
125 2594 382 2652 Cambyses,
412 2595 617 2653 princeps
649 2598 808 2653 gentis,
840 2610 895 2642 ex
915 2596 1331 2642 Achaemenidarum
1352 2597 1518 2642 familia
1537 2597 1719 2642 attribu

182 2653 543 2712 Pasargadarum,
574 2655 831 2710 Mandanen,
861 2656 1074 2714 Astyagis
1105 2657 1223 2714 regis
1254 2655 1402 2711 filiam,
1433 2658 1480 2702 in
1499 2657 1718 2702 matrimo-

181 2713 300 2763 nium
333 2713 513 2758 duxisse
545 2713 692 2758 fertur.

120 2772 230 2817 Eius
260 2772 377 2817 filius
412 2772 620 2816 CYRUS
648 2774 876 2830 imperium
907 2773 1129 2818 Medorum
1159 2772 1322 2830 frangit
1805 2773 1893 2818 559
1953 2773 2050 2818 551

7 2860 10 2865 -
123 2831 344 2889 Lydorum
376 2843 524 2888 regem
557 2830 768 2876 Croesum
798 2832 992 2878 devincit
1020 2845 1071 2877 ac
1103 2832 1264 2877 Sardes
1295 2834 1414 2891 capit
1805 2833 1891 2877 546
1954 2831 2054 2878 583

5 2899 28 2929 'a
125 2890 392 2936 Graecorum
427 2890 556 2935 urbes
587 2892 824 2936 maritimas
846 2891 1076 2950 Harpagus
1109 2894 1285 2950 satrapa
1314 2895 1551 2951 expugnat.
1599 2891 1719 2945 (Teii

84 2892 103 3046 ι
180 2949 356 2995 Abdera
373 2950 449 3060 >in
481 2949 669 2995 Thracia
706 2950 920 3005 condunt,
959 2950 1255 2996 Phocaeorum
1293 2965 1394 3010 pars
1421 2953 1467 2996 in
1496 2951 1719 2998 Corsicam

181 3010 282 3053 navi
314 3012 370 3053 at.

126 3022 326 3112 Geton-uffa
355 3067 505 3112 Asiam
537 3068 804 3125 superiorem
832 3066 1031 3124 (Bactra)
1062 3068 1205 3127 Cyrus
1235 3069 1331 3127 ipse
1363 3069 1539 3126 subigit.

122 3125 392 3183 Babylonem
423 3128 646 3183 expugnat
1806 3126 1894 3172 538
1953 3125 2052 3169 603

128 3183 271 3241 Cyrus
299 3186 345 3230 in
376 3185 491 3229 bello
521 3196 619 3229 cum
638 3184 897 3244 Massagetis
925 3187 1052 3244 perit,
1082 3190 1185 3244 post
1212 3199 1394 3245 regnum
1426 3186 1483 3231 29
1504 3198 1715 3230 annorum
1804 3185 1891 3229 599
1952 3184 2052 3228 694

131 3243 303 3288 ΟΔΜΒ
314 3243 469 3288 YSES
498 3243 747 3302 Aegyptum
774 3245 973 3303 adiungit
1001 3245 1182 3303 imperio
1805 3243 1892 3289 525
1950 3243 2052 3287 633

127 3302 310 3347 Ceterae
350 3301 652 3360 expeditiones
697 3304 857 3349 irritae.
935 3305 1115 3349 Moritur
1153 3317 1210 3349 ex
1254 3304 1431 3348 vulnere
1469 3302 1719 3348 Acbatauae

59 3398 63 3403 .
184 3362 337 3419 Syriae
369 3360 529 3419 oppido
1803 3359 1889 3405 528
1950 3359 2048 3404 643

125 3420 278 3478 Magus
309 3420 482 3474 Medus,
521 3420 597 3478 qui
628 3431 676 3464 se
707 3420 884 3466 simulat
913 3420 1143 3475 Smerdim,
1183 3420 1288 3479 Cyri
1325 3420 1461 3466 fllium
1493 3422 1716 3474 minorem,

214 3493 261 3524 er
290 3480 480 3537 reliquos
521 3479 547 3523 ‘1
580 3491 753 3525 menses
783 3481 879 3525 ὰ·
909 3481 1012 3526 anni
1043 3484 1209 3538 regnat.
1280 3479 1519 3526 Coniurant
1548 3485 1717 3536 septem

183 3494 415 3584 Persarum
452 3539 673 3596 principes
715 3539 925 3594 (Otanes,
966 3537 1190 3597 Gobryas,
1231 3539 1536 3598 Intapbernes,
1578 3540 1716 3596 Aspa-

185 3598 342 3702 thines,
374 3598 653 3657 Megabyzus,
683 3598 936 3657 Hydarnes,
978 3599 1160 3653 Dareus,
1193 3599 1428 3658 Hystaspis
1459 3598 1553 3654 fit),
1584 3599 1715 3644 inter-

203 3660 386 3717 ectoque
417 3670 545 3717 mago
